2525 3984
972 157 1524 218 NARRATIONES.
2101 160 2179 221 89

343 316 375 353 a
415 291 623 355 Sabino
659 301 834 368 bello,
855 290 945 361 ,ait
965 334 987 367 ,
1026 311 1085 352 se
1118 289 1500 366 militantem,
1524 289 1660 370 quia
1692 297 1923 371 propter
1946 293 2182 381 popula-

345 396 375 433 «
416 373 594 434 tiones
620 391 653 431 a
718 371 738 430 i
766 391 882 431 non
908 371 1099 431 fructu
1115 372 1138 407 ⁷
1161 368 1332 430 modo
1361 368 1628 446 caruerit,
1662 369 1759 430 sed
1790 369 1922 429 villa
1947 390 2180 433 incensa

345 475 376 511 (t
416 451 609 527 fuerit,
681 450 859 532 irepta
888 449 1105 526 omnia,
1129 458 1356 531 pectora
1396 450 1593 510 abacta
1610 495 1631 526 ,
1671 447 1955 509 tributum
1974 450 1996 486 ⁸
2009 494 2031 525 ,
2060 451 2181 511 ini-

347 553 377 588 «
418 552 528 611 quo
586 550 687 590 suo
723 538 979 610 tempore
991 531 1040 604 ⁹,
1072 529 1454 610 imperatum,
1505 550 1580 590 aes
1632 528 1883 589 alienum
1931 529 2126 591 fecisse
2160 548 2176 591 τ

344 633 376 669 (ι
415 610 474 670 id
504 611 860 671 cumulatum
880 608 1150 684 usurisw,
1239 608 1387 671 rimo
1412 628 1470 669 se
1493 627 1626 689 agro
1658 618 1890 689 paterno
1919 607 2183 690 avitoque

346 711 377 747 «
416 689 654 764 exuisse,
687 688 889 750 deinde
908 686 1150 749 fortunis
1172 708 1207 748 a
1226 688 1299 748 iis
1325 705 1342 749 t
1372 695 1657 769 postremo
1669 689 1822 749 velut
1840 687 2033 748 tabem
2044 708 2184 768 per—

346 790 377 828 «
417 769 632 830 venisse
654 768 725 829 ad
748 789 972 849 corpus,
1010 769 1260 828 Ductum
1297 787 1356 829 se
1399 767 1471 828 ab
1503 766 1801 842 creditore,
1826 787 1946 827 non
1971 765 2034 827 in
2055 788 2183 828 ser-

347 870 378 907 «
417 847 649 924 vitium,
682 847 777 909 sed
803 847 864 908 in
890 847 1238 928 ergastulum
1256 848 1299 884 ¹¹
1330 855 1388 908 et
1419 845 1806 908 carnificinam
1835 867 2013 908 essem
2044 847 2181 909 Inde

339 935 620 988 ostentare
643 936 868 1007 tergum
892 926 1110 988 foedum
1134 924 1451 988 recentibus
1469 924 1713 1007 vestigiis
1739 925 2062 986 verberum.
2095 925 2182 988 Ad

342 1009 466 1068 haec
491 1005 612 1067 visa
632 1006 958 1088 auditaque,
979 1007 1191 1067 clamor
1217 1006 1415 1086 ingens
1441 1005 1644 1067 oritur.
1674 1007 1801 1066 Non
1823 1006 1944 1085 jam
1979 1007 2099 1066 soro
2126 1025 2183 1068 se

344 1087 627 1149 tumultus
656 1085 928 1162 continet,
954 1085 1049 1147 sed
1065 1085 1277 1167 passim
1298 1093 1472 1147 totam
1494 1085 1698 1146 urbem
1725 1083 1998 1165 pervadit.
2024 1086 2184 1146 Nexu

341 1163 515 1226 vincti
531 1209 553 1242 ,
604 1165 942 1255 solutique¹²
990 1184 1049 1226 se
1091 1165 1345 1246 undique
1381 1165 1441 1225 in
1483 1163 1780 1246 publicum
1822 1163 1973 1244 prori
2018 1164 2145 1225 iunt
2160 1210 2182 1241 ,

342 1244 651 1326 implorant
687 1244 1000 1317 eritium
1039 1245 1234 1306 fidem.
1285 1246 1456 1306 Nullo
1515 1246 1637 1305 loco
1690 1244 1847 1304 deest
1896 1263 1922 1304 s
1994 1244 2185 1305 itionis

341 1323 686 1391 volontarius
726 1344 935 1385 comes·
973 1323 1165 1386 Multis
1206 1323 1418 1407 passim
1468 1323 1791 1406 agminibus
1838 1343 1940 1405 per
1989 1344 2185 1385 omnes

343 1403 460 1464 vias
492 1423 625 1465 cum
654 1405 899 1465 clamore
934 1403 998 1465 in
1023 1404 1215 1465 forum
1242 1403 1515 1465 curritur.
1543 1406 1746 1485 Magno
1770 1423 1905 1464 cum
1935 1404 2185 1484 periculo

336 1498 469 1558 suo,
500 1482 600 1564 qui
631 1484 774 1543 forte
814 1485 1052 1544 Petrum
1086 1482 1149 1543 in
1181 1485 1303 1544 foro
1334 1490 1519 1559 erant,
1545 1482 1606 1543 in
1630 1503 1761 1544 eam
1788 1482 2018 1542 turbam
2046 1482 2188 1544 inci-

343 1560 569 1622 derunt.
616 1563 665 1622 N
669 1581 732 1622 ec
781 1569 1158 1640 temperatum
1189 1560 1456 1622 manibus
1493 1563 1636 1622 foret
1650 1605 1672 1636 ,
1703 1560 1762 1620 ni
1792 1581 1893 1640 pro
1965 1582 2026 1622 re
2057 1583 2189 1622 con·

343 1642 516 1715 suleS,
535 1642 603 1700 P.
618 1639 889 1701 Servilius
916 1647 975 1700 et
991 1640 1100 1719 Ap.
1122 1639 1417 1714 ClaudiuS,
1430 1638 1502 1700 ad
1526 1638 1881 1719 comprimen
1921 1659 2015 1700 am
2035 1640 2190 1701 sedi-

344 1718 563 1779 tionem
589 1718 1039 1780 intervenissent.
1069 1719 1215 1796 (Trr.
1244 1719 1397 1794 L1v.,
1428 1737 1506 1794 11,
1533 1739 1586 1779 c.
1615 1720 1743 1797 23.)

578 1970 1096 2033 ‘tm-stultum
1162 1968 1454 2033 ΑΡΙΙὸΕΕ
1522 1976 1648 2031 un
1712 1975 1959 2032 ῠῘΗῦΙΙ.

348 2084 497 2127 Othon
517 2082 636 2125 futle
659 2082 867 2138 septieme
885 2094 1114 2138 emper-eur
1133 2083 1324 2126 romain.
1347 2082 1381 2124 ΙΙ
1400 2083 1585 2126 succede
1613 2080 1639 2124 a
1662 2081 1816 2134 Galba,
1843 2081 1947 2138 qu'il
1976 2079 2025 2124 fit
2053 2095 2192 2125 assas-

407 2142 524 2187 siner
543 2153 656 2197 pour
677 2140 796 2183 avoir
816 2139 1025 2196 l'empire.
1044 2139 1189 2182 Aru-ive
1212 2152 1294 2196 par
1311 2140 1351 2182 le
1367 2153 1522 2198 moyen
1547 2139 1624 2183 deo
1641 2138 1818 2189 scidam,
1838 2139 1868 2182 il
1886 2148 1959 2182 sut
1979 2139 2065 2183 s'en
2085 2138 2193 2182 faire

409 2198 549 2241 aimei·
566 2212 623 2240 au
648 2198 768 2254 point
788 2201 872 2254 que
891 2196 986 2240 leur
1005 2196 1088 2240 zele
1106 2210 1221 2253 pour
1238 2197 1300 2240 lui
1321 2198 1471 2241 donna
1488 2197 1578 2240 lieu
1596 2197 1622 2239 ὲ
1639 2210 1726 2240 une
1745 2196 1930 2240 sedition
1950 2197 2026 2252 qui
2043 2197 2136 2254 jeta
2152 2197 2195 2239 la

406 2266 571 2299 ten-eur
591 2256 699 2298 dans
717 2254 867 2306 Rome,
888 2249 1051 2311 et‘qu'il
1075 2264 1150 2298 eut
1170 2253 1394 2299 lui-meme
1409 2254 1596 2311 quelque
1612 2253 1740 2312 peine
1762 2253 1787 2297 ὲ
1808 2254 1985 2298 calmet.
2006 2255 2089 2309 (An
2108 2256 2197 2297 ew

407 2313 461 2356 de
481 2314 627 2364 Rome,
648 2314 703 2355 69
724 2314 779 2356 de
800 2311 924 2367 J.-C.)
980 2359 983 2362 ⁴

430 2429 608 2488 Parvo
650 2427 846 2503 initio,
880 2426 1033 2488 unde
1064 2427 1208 2489 nihil
1238 2427 1584 2505 timebatur,
1614 2436 1739 2490 orta
1770 2427 1996 2503 seditio,
2023 2447 2196 2508 prope

351 2506 484 2567 urbi
516 2506 728 2568 excidio
754 2505 882 2566 fuit.
929 2506 1244 2588 Septimam
1269 2506 1553 2570 decimam
1577 2508 1894 2582 cohortem,
1922 2527 1953 2567 e
1979 2506 2198 2567 colonia

353 2585 596 2648 Ostiensi
617 2591 659 2661 ¹,
692 2585 753 2646 in
784 2585 987 2647 urbem
1032 2586 1199 2648 acciri
1247 2586 1398 2649 Otho
1423 2588 1710 2666 jusserat:
1740 2585 2028 2648 armandae
2077 2586 2197 2665 ejus

352 2685 490 2726 cura
515 2665 681 2726 Vario
711 2665 993 2746 Crispino,
1028 2666 1258 2726 tribuno
1288 2685 1320 2725 e
1345 2664 1697 2745 praetorianis
1719 2709 1740 2740 ,
1771 2664 1923 2725 data.
1964 2667 2021 2725 Is
2034 2709 2053 2741 ,
2086 2685 2198 2745 quo

354 2743 532 2825 magis
559 2764 771 2806 vacuus
788 2749 834 2821 ²,
853 2743 1058 2825 quietis
1083 2743 1305 2818 castriS,
1321 2745 1480 2824 jussa
1501 2743 1920 2824 exsequeretur,
1943 2744 2198 2806 vehicula

402 2878 427 2913 ‘1
455 2877 648 2930 Fructu,
669 2890 693 2916 ‹
709 2875 892 2920 recolte,
913 2890 936 2916 ›
1302 2887 1384 2930 par
1401 2875 1468 2917 les
1485 2871 1671 2918 interest-s
1687 2877 1920 2920 uam-atres.
1940 2890 1963 2915 ι

404 2929 428 2964 8
461 2928 709 2982 Tribunum,
725 2941 749 2965 ι
762 2930 917 2980 tribut,
935 2941 958 2967 ›
975 2937 1083 2972 nom
1100 2926 1248 2973 donne
1357 2926 1399 2961 ¹¹
1428 2926 1746 2984 Ergastulum,
1762 2929 1853 2973 lieu
1872 2931 1928 2973 de
1943 2931 2189 2974 correction

351 2994 440 3026 aux
457 2986 581 3025 taxes
595 2981 816 3035 imposees
834 2993 907 3023 sur
922 2981 967 3024 le
985 2982 1163 3035 peuple.
1177 2979 1247 3025 On
1302 2981 1414 3024 dans
1454 2981 1522 3025 les
1557 2982 1830 3025 habitatione
1866 2986 2091 3027 romaines
2134 2984 2191 3027 οὺ

354 3036 618 3088 distingueit
647 3036 755 3077 trois
786 3038 928 3076 sortes
964 3035 1021 3076 de
1055 3034 1212 3077 tribute
1234 3047 1245 3077 ε
1300 3034 1388 3077 l’on
1408 3036 1583 3077 mettait
1598 3036 1664 3078 les
1684 3036 1878 3079 esclaves
1897 3049 1979 3079 aux
1999 3038 2101 3080 fers.

355 3090 403 3131 1⁰
419 3100 501 3142 par
527 3085 620 3130 tete
649 3086 716 3139 (in
743 3086 934 3142 capita);
965 3089 1016 3129 2⁰
1072 3099 1124 3130 ar
1146 3086 1251 3131 eva-
1357 3085 1402 3151 ¹²·
1430 3086 1681 3184 Solutigtqe,
1706 3088 1883 3143 repetez
1913 3102 2051 3140 nexu,
2091 3103 2113 3126 ε
2130 3092 2199 3134 les

350 3142 524 3186 luation
553 3142 609 3186 de
626 3141 796 3184 fortune
824 3139 891 3193 (ex
906 3153 1038 3185 censu
1065 3153 1077 3193 3
1103 3143 1154 3184 3⁰
1172 3153 1249 3184 ex·
1302 3138 1527 3184 debiteurs
1541 3142 1575 3184 11
1605 3153 1727 3185 eres.
1751 3155 1772 3181 ›

351 3194 645 3239 traordinaire
674 3192 981 3248 (temerarium)
1035 3196 1146 3238 dans
1180 3195 1247 3238 les
1354 3193 1531 3238 ave-1
1564 3193 1749 3238 Colonia
1785 3192 2004 3247 Ostiensi,
2042 3193 2193 3244 ostie,

354 3260 430 3292 cas
461 3247 518 3290 de
550 3244 787 3289 necessitati.
820 3245 957 3300 Api-'es
987 3226 1248 3302 i’expulnion
1300 3248 1404 3290 ville
1431 3252 1479 3293 et
1507 3252 1608 3301 port
1637 3248 1697 3290 du
1720 3247 1908 3300 Latium,
1935 3245 1964 3290 a
1989 3247 2196 3290 l’embou-

354 3303 435 3345 des
459 3300 567 3362 rois³
590 3300 869 3361 lespauvres
893 3302 1039 3345 fui-ent
1059 3303 1249 3357 quelque
1301 3300 1434 3344 chure
1454 3301 1516 3343 du
1531 3300 1679 3343 Tibre.
1700 3300 1882 3354 D'apres
1895 3312 1954 3342 un
1974 3300 2125 3342 decret
2143 3300 2197 3340 de

354 3362 497 3406 temps
515 3353 703 3395 delivres
722 3353 779 3396 de
795 3354 841 3395 la
854 3353 1015 3408 charge
1032 3355 1112 3399 des
1125 3361 1251 3398 taxes
1303 3351 1486 3405 (Raude,
1509 3354 1541 3395 il
1573 3364 1605 3407 y
1635 3355 1754 3396 avait
1785 3355 1980 3406 touJours
2009 3364 2097 3395 une
2129 3360 2194 3393 co-

352 3407 971 3515 ]αῗςῖιῗίἑὲἲηεῖιῖῗῗῇρονε,
1004 3474 1026 3498 ‹
1045 3462 1158 3504 dans
1187 3471 1247 3504 un
1302 3404 1975 3515 ὴοξωΜῗρηίξοῖἒξιῗαξρὶῃὲἧεο
2010 3466 2107 3508 ptus
2142 3455 2198 3496 de

355 3516 553 3555 moment
566 3512 750 3554 facbeux
763 3524 875 3566 pour
886 3514 964 3556 lui.
983 3526 1004 3552 ›
1301 3510 1502 3563 liberte‚»
1514 3509 1784 3554 e'est-a-dire
1794 3520 1900 3554 avec
1910 3508 2058 3550 moins
2065 3506 2200 3547 d’em·

412 3563 456 3597 1⁰
486 3561 770 3607 Cumulatum
802 3565 968 3618 usuris,
1023 3579 1046 3604 ι
1082 3568 1250 3621 grossie
1304 3565 1472 3606 barres.
