2525 3984
1053 167 1603 227 NARRATIONES.
2135 174 2256 234 233

498 296 651 355 Dum
690 310 809 354 naec
837 293 986 353 Veiis
1028 292 1362 373 agebantur,
1403 292 1634 354 interim
1665 313 1765 354 arx
1803 295 1999 355 Romae
2030 297 2254 378 Capito-

420 377 675 455 liumque
691 375 744 415 ¹³*
758 373 816 433 in
850 372 1065 454 ingenti
1092 371 1342 452 periculo
1363 372 1492 433 fuit.
1518 373 1667 434 Nam
1802 374 1982 450 Galli,
2009 396 2109 437 seu
2133 398 2254 438 ves-

417 455 460 515 ti
467 453 558 535 gio
591 460 782 515 notato
817 454 1071 513 humano
1085 497 1106 528 ,
1141 472 1255 533 qua
1268 452 1314 489 ¹¹*
1347 451 1583 513 nuntius
1622 473 1656 513 a
1741 451 1844 513 ciis
1884 466 2248 534 pervenerat,

419 555 518 596 seu
541 553 642 594 sua
668 540 864 613 sponte
891 530 1283 593 animadverso
1302 531 1375 592 ad
1395 531 1712 593 Carmentis
1732 553 1932 594 suum
1948 534 1992 572 ¹⁸
2018 555 2248 596 ascensu

420 633 578 696 aequo
593 614 663 689 ²⁸,
691 620 853 674 nocte
874 609 1171 686 sublustri,
1193 631 1375 693 quum
1395 611 1581 692 primo
1609 610 1865 673 inemem
1884 613 1986 694 qui
2011 622 2253 675 tentaret

416 692 567 754 viam
595 690 1021 773 praemisissent,
1061 690 1342 752 tradentes
1375 689 1508 751 inde
1541 710 1724 766 arma,
1756 691 1858 751 ubi
1898 693 2035 773 quid
2069 693 2259 775 iniqui

415 780 590 849 esset,
623 771 824 834 alterni
839 771 883 809 ¹⁷
910 770 1112 846 innixi,
1136 770 1600 851 sublevantesque
1630 769 1876 831 invicem
1892 779 1952 831 et
1971 774 2251 834 trahentes

415 850 510 914 alii
533 850 696 926 alios,
718 859 889 932 prout
906 852 1211 932 postularet
1233 851 1427 927 locus3
1450 857 1606 911 tanto
1632 846 1851 911 silentio
1874 850 1937 910 in
1957 870 2253 913 summum

415 950 661 1006 evasere,
699 938 765 991 ut
811 950 927 991 non
966 928 1222 991 custodes
1260 930 1447 990 solum
1486 930 1776 1004 fallerent,
1822 929 1920 990 sed
1951 951 2042 992 ne
2087 951 2255 993 canes

416 1009 672 1091 quidem,
708 1009 1014 1071 sollicitum
1040 1007 1248 1070 animal
1282 1008 1354 1070 ad
1379 1015 1683 1071 nocturnos
1711 1007 1976 1098 strepitus
1991 1054 2013 1087 ,
2038 1010 2263 1071 excita—-

414 1096 562 1149 rent.
606 1093 846 1151 Anseres
880 1110 994 1150 non
1023 1089 1269 1150 fefellere
1285 1089 1354 1164 ¹⁸,
1394 1087 1601 1170 quibus
1614 1089 1661 1126 ¹⁹
1701 1107 1874 1149 sacris
1915 1089 2150 1167 lunoni,
2186 1089 2251 1149 in

413 1186 641 1229 summa
677 1167 870 1249 inopia
908 1167 1018 1229 cibi
1035 1214 1056 1244 ,
1091 1176 1285 1230 tamen
1325 1167 1712 1230 abstinebatur
1740 1186 1759 1229 t
1791 1188 1917 1249 quae
1956 1189 2045 1229 res
2083 1171 2246 1230 salutt

411 1246 542 1307 fuit.
581 1249 840 1331 Namque
877 1249 1138 1329 clangore
1171 1266 1378 1310 comm
1415 1249 1747 1330 alarumque
1782 1247 2003 1328 crepitu
2036 1247 2261 1309 excitus

415 1326 491 1387 M.
519 1326 782 1402 Manlius,
808 1325 905 1409 qui
937 1326 1183 1388 triennio
1208 1334 1340 1389 ante
1360 1328 1553 1388 consul
1575 1328 1777 1403 fuerat,
1799 1326 1889 1387 vir
1916 1327 2064 1388 bello
2098 1347 2262 1408 egre-

450 1405 561 1482 ius,
592 1406 768 1467 armis
797 1425 920 1467 arre
987 1405 1057 1481 's,
1084 1406 1254 1467 simul
1277 1407 1349 1467 ad
1371 1425 1532 1468 arma
1550 1414 1762 1468 ceteros
1786 1405 1938 1468 ciens
1959 1406 2148 1485 vadit3
2171 1417 2249 1482 et,

407 1426 554 1544 gum
580 1484 750 1545 ceteri
776 1483 917 1564 trep'
962 1492 1059 1545 ant
1074 1531 1096 1562 ,
1113 1486 1351 1546 Gallum
1365 1527 1386 1558 ,
1495 1483 1516 1543 i
1542 1484 1668 1564 jam
1698 1485 1760 1545 in
1790 1504 2015 1546 summo
2049 1486 2255 1547 consti-

409 1570 577 1638 terat,
599 1562 849 1624 umbone
885 1563 1066 1623 ictum
1102 1563 1388 1624 deturbat.
1413 1505 1591 1642 giijus
1609 1580 1772 1623 casus
1798 1564 2042 1644 prolapsi
2070 1583 2251 1654 quum

411 1642 698 1721 proximos
737 1649 1012 1703 sterneret
1024 1644 1094 1718 ¹⁰,
1132 1640 1476 1723 trepidantes
1514 1639 1651 1702 alios
1689 1639 1974 1723 armisque
2002 1643 2224 1702 omissis
2229 1688 2249 1718 ,

411 1740 565 1796 saxa,
609 1720 816 1802 quibus
857 1720 1219 1782 adhaerebant
1233 1765 1255 1797 ,
1292 1719 1558 1780 manibus
1589 1721 1899 1800 amplexos,
1935 1721 2180 1781 trucidat
2231 1740 2248 1783 ε

414 1799 639 1882 ‘amque
658 1800 821 1862 etalii
843 1799 1163 1882 congregati
1183 1798 1311 1862 telis
1321 1798 1740 1891 missilibusque
1758 1798 1902 1860 saxis
1919 1799 2259 1880 proturbare·

453 1886 623 1956 ostes,
670 1879 948 1962 ruinaque
992 1886 1108 1941 tota
1145 1881 1408 1961 prolapsa
1444 1877 1591 1940 acies
1636 1897 1697 1938 m
1736 1898 1982 1960 praeceps
2020 1878 2226 1940 deferri
2326 1895 2333 1900 ·

411 1957 613 2019 Sedato
640 1959 843 2020 deinde
865 1960 1144 2035 tumultu,
1171 1958 1460 2039 reliquum
1492 1965 1673 2019 noctis
1706 1959 2009 2039 (quantum
2031 1979 2094 2019 m
2120 1970 2261 2019 tur-

409 2035 557 2097 batis
598 2039 885 2099 mentibus
922 2045 1142 2118 poterat
1156 2082 1178 2114 ,
1303 2057 1404 2097 um
1445 2037 1796 2117 praeteritum
1836 2057 2061 2120 quoque
2094 2038 2254 2119 peri-

410 2116 610 2177 culum
649 2116 1051 2196 sollicitaret‘¹)
1089 2116 1246 2198 quiet
1300 2115 1500 2177 datum
1530 2124 1637 2178 est.
1670 2119 1823 2178 Luce
1855 2125 1978 2178 orta
1993 2160 2013 2194 ,
2045 2117 2278 2193 vocatis,

411 2195 640 2257 classico
661 2196 732 2257 ad
754 2196 1060 2257 concilium
1088 2195 1392 2272 militibus,
1408 2194 1482 2257 ad
1507 2195 1767 2257 tribunos
1772 2241 1792 2271 ,
1819 2216 1999 2277 quum
2024 2205 2081 2258 et
2101 2205 2259 2258 recte

409 2281 466 2333 et
491 2295 785 2356 perperam
814 2277 961 2337 facto
1029 2274 1242 2336 retium
1274 2275 1596 2351 deberetur,
1625 2275 1865 2336 Manlius
1896 2277 2151 2356 primum
2176 2277 2253 2337 ob

411 2352 680 2415 virtutem
700 2356 961 2417 laudatus
1017 2363 1354 2436 enat-usque,
1382 2374 1497 2414 non
1518 2355 1590 2414 ab
1618 2354 1860 2415 tribunis
1886 2358 2073 2417 solum
2097 2355 2252 2414 mili-

412 2438 564 2506 tum,
599 2433 696 2495 sed
736 2453 1011 2494 consensu
1044 2432 1218 2496 etiam
1254 2433 1526 2510 militari3
1567 2432 1659 2494 eui
1684 2433 1931 2494 universi
1959 2434 2190 2494 selibras
2205 2439 2256 2469 ¹¹

411 2510 611 2588 farris,
655 2520 711 2572 et
752 2510 1062 2592 quartarios
1077 2515 1126 2549 ²⁸
1164 2510 1315 2588 vini,
1365 2512 1436 2574 ad
1476 2513 1622 2573 aedes
1651 2517 1772 2592 ejus
1783 2556 1805 2587 ,
1848 2531 1973 2591 quse
2014 2512 2076 2570 in
2125 2531 2259 2572 arce·

411 2598 608 2666 erant,
654 2593 1049 2671 contulerunt3
1093 2613 1219 2654 rem
1269 2592 1427 2655 dictu
1466 2610 1699 2672 parvam
1717 2633 1737 2664 ,
1773 2597 2026 2650 ceterum
2061 2588 2253 2670 inopia

410 2669 616 2731 fecerat
637 2691 764 2732 eam
792 2680 1197 2751 argumentum
1228 2671 1428 2752 ingens
1463 2667 1735 2743 caritatis,
1763 2688 1897 2728 cum
1924 2688 1983 2729 se
2010 2668 2253 2749 quisque

465 2835 509 2870 ¹³
536 2835 642 2881 Arx
658 2836 804 2880 Roma
833 2836 871 2879 G
933 2835 1063 2880 {teliu
1134 2847 1201 2879 ue.
1238 2834 1308 2881 Le
1412 2833 1459 2869 ¹⁹
1496 2831 1670 2881 Quibus
1690 2863 1703 2886 ,
1755 2835 2077 2878 sous-entendu
2123 2845 2252 2879 ame·

410 2893 535 2932 mont
567 2887 788 2943 capitolin
820 2902 868 2932 re
918 2891 1075 2933 ermait
1234 2899 1310 2933 se·
1356 2885 1499 2934 dhus.

410 2952 527 2985 murs
555 2944 670 2986 deux
706 2953 917 2986 sommets
935 2955 946 2986 t
967 2942 1074 2995 l’un,
1107 2954 1166 2985 au
1181 2942 1306 2994 midi,
1408 2938 1458 2975 ’θ
1486 2938 1623 2994 cnjus
1638 2951 1767 2982 casus
1789 2938 2006 3002 prolapsi,
2026 2945 2109 2984 etc.
2135 2939 2250 2985 Con-

411 2997 573 3047 portast
597 2997 643 3039 la
669 2993 881 3040 citadeue
901 2994 1033 3049 (ανως
1059 2995 1231 3044 l’autre,
1250 3005 1309 3038 au
1357 2994 1557 3056 stmisez·
1618 3005 1722 3035 uum
1765 3004 1894 3036 casus
1922 3006 2052 3057 ‘cujus
2088 2992 2248 3049 (hujus)

409 3048 600 3148 11059,ἂο
615 3048 771 3105 temple
786 3047 1011 3104 (templum
1042 3047 1304 3112 deJupiter.
1350 3044 1460 3134 prpll
1518 3057 1597 3108 sis·
1614 3050 2057 3112 welpo-omme&-
2087 3101 2097 3112 .
2242 3097 2253 3110 .

581 3114 612 3144 u
680 3103 1003 3146 sous-entendu
1019 3113 1108 3144 ma.
1521 3097 1783 3154 olltmtaret,
1818 3112 1930 3154 pour
1955 3098 2253 3145 solbettudtm

463 3151 508 3185 ¹⁵
535 3153 611 3197 Ad
668 3156 877 3200 amantis
894 3154 1228 3198 saxuum-tie
1247 3155 1305 3198 de
1359 3155 1480 3196 esset.

410 3205 455 3247 la
477 3204 631 3251 Roche
649 3207 946 3263 Tarpeicnne,
969 3206 1111 3252 situee
1127 3206 1230 3262 pres
1248 3209 1305 3250 de
1409 3205 1456 3239 ²²
1483 3204 1681 3250 Selibras
1696 3234 1710 3257 ,
1767 3218 1790 3243 «
1819 3218 1909 3248 une
1944 3206 2208 3258 demi-livre,
2225 3219 2248 3242 ²

406 3258 454 3300 la
488 3265 615 3313 porte
654 3259 932 3305 Carmentale
993 3260 1021 3305 a
1044 3258 1304 3304 l’extremite
1362 3259 1560 3314 (chacun,
1578 3258 1654 3301 163
1667 3258 1916 3312 grammes.)

409 3309 698 3357 meridionale
717 3315 776 3357 du
792 3292 1166 3369 montdapitolin.
1410 3311 1457 3346 ²³
1489 3309 1758 3362 Quartam,
1791 3311 1836 3353 le
1866 3311 2122 3372 quartarius
2142 3306 2249 3369 ἐωξὶ

465 3363 510 3397 ¹⁶
538 3367 744 3409 Ascemu
774 3378 891 3423 oequo
922 3378 1095 3420 samm,
1116 3376 1233 3422 «que
1259 3366 1306 3410 le
1358 3377 1448 3409 me
1468 3375 1641 3407 nesure
1660 3364 1717 3405 de
1736 3361 1932 3419 capacite
1963 3371 2072 3413 pour
2096 3360 2164 3401 les
2197 3360 2257 3400 11-

408 3418 565 3461 rocher
582 3417 692 3462 etait
708 3421 837 3464 facile
856 3419 884 3463 ὸ,
902 3420 1142 3463 εεοαῑαᾱθτ.
1162 3435 1186 3461 ³
1360 3418 1516 3473 quides
1533 3418 1608 3472 qui
1623 3416 1798 3459 formait
1814 3415 1856 3458 le
1873 3417 1999 3467 quart
2026 3413 2084 3453 du
2106 3413 2260 3473 semiq-

466 3471 507 3505 17
536 3470 719 3515 Alterni
781 3485 861 3516 our
880 3471 1009 3524 alter,
1032 3469 1185 3516 alteri.
1360 3471 1459 3514 rius
1495 3467 1703 3522 (sextier).
1738 3467 1804 3510 Le
1834 3468 1995 3509 sextier
2025 3468 2254 3525 contenuit

412 3573 450 3617 G
464 3521 478 3554 ¹
486 3521 646 3616 {FNW
690 3505 743 3581 fe
765 3524 897 3569 encre
917 3553 930 3574 ‚
984 3525 1306 3569 sous-entendu
1360 3525 1383 3566 1
1413 3524 1523 3566 livre
1553 3523 1581 3564 8
1610 3531 1744 3565 onces
1776 3521 1832 3562 de
1864 3517 2048 3570 liquide,
2069 3520 2156 3556 soit
2172 3516 2249 3556 750

455 3587 483 3615 α
522 3588 545 3618 ⁸-
1359 3583 1595 3628 gramme&
