2525 3984
991 223 1545 284 NARRATIONES.
2077 227 2196 286 209

349 361 536 419 aberat
551 369 572 431 3
623 363 818 436 utpote
875 355 975 436 qui
1037 374 1247 436 magno
1294 351 1587 429 exercitu,
1634 353 1768 413 locis
1810 352 2193 430 aequioribus,

345 458 409 498 ex
452 433 627 495 editos
668 435 728 495 in
764 436 958 517 sugam
999 434 1411 516 sequeretur-²⁸.
1461 433 1569 495 Sed
1615 433 1860 494 Catilina
1896 441 2195 515 postquam

346 514 397 573 vi
442 521 496 574 ct
523 514 812 575 montibus
838 524 1008 596 atque
1034 513 1212 595 copiis
1237 511 1491 575 hostium
1514 533 1632 574 sese
1652 514 1935 588 clausum,
1966 511 2025 573 in
2054 514 2195 574 urhe

329 614 435 654 -rcs
477 593 757 671 adversas,
798 614 983 677 neque
1023 595 1197 676 fugin,
1235 613 1423 676 neque
1462 591 1709 674 praesidii
1754 595 1933 654 ullam
1974 613 2135 673 spem
2168 610 2184 652 ε

344 687 647 752 optumum
683 675 904 735 factum
940 683 1097 738 ratus
1131 672 1192 734 in
1219 672 1317 734 tali
1356 693 1418 735 rc
1455 675 1745 733 fortunam
1783 671 1915 733 belli
1956 681 2191 748 tentare,

346 752 539 814 statuit
578 773 715 815 cum
754 753 1001 816 Antonio
1032 774 1207 836 quam
1240 752 1498 834 primum
1528 752 1852 833 confligere.
1891 753 2040 813 Cum
2069 772 2197 813 suos

346 831 675 895 adhortatus
714 832 939 912 suisset,
983 834 1304 914 paullulum
1345 839 1730 895 commoratus
1747 877 1768 908 ‚
1810 831 1972 913 signa
1998 851 2199 894 cancre

348 910 505 990 ‚ubet
519 927 542 989 ;
572 922 743 994 atque
765 912 1071 977 instructos
1100 913 1325 974 ordines
1351 911 1413 973 in
1445 915 1635 974 locum
1662 931 1896 994 acquum
1922 910 2155 973 deducit
2179 930 2196 974 ε

342 989 503 1068 dein,
524 991 759 1053 remotis
780 993 1042 1055 omnium
1061 992 1247 1076 cquiS‚
1271 1013 1383 1075 quo
1404 991 1707 1069 militibus,
1736 1000 2024 1073 exaequato
2092 992 2201 1052 cri-

344 1071 501 1146 culo,
522 1070 751 1134 animus
776 1073 1022 1153 amplior
1040 1083 1209 1151 essct,
1229 1073 1350 1155 ipsc
1369 1073 1538 1164 pedes
1576 1070 1885 1134 exercitum
1921 1090 2025 1153 pro
2051 1013 2197 1147 low,

342 1157 514 1232 atque
539 1150 730 1233 copias
747 1152 981 1214 instruit
1001 1154 1069 1215 ¹⁸.
1101 1156 1275 1230 Nam,
1302 1161 1386 1214 uti
1413 1150 1674 1234 planities
1702 1159 1827 1214 erat
1853 1151 2004 1213 inter
2025 1150 2200 1212 sinis-

345 1237 461 1291 tros
482 1240 705 1294 montes
724 1234 791 1308 ¹⁷,
812 1241 870 1294 et
899 1233 970 1295 ab
992 1233 1219 1296 dextera
1245 1253 1417 1315 rupes
1447 1252 1667 1315 aspera,
1689 1240 1815 1294 octo
1850 1232 2111 1293 cohortes
2136 1252 2195 1292 in

346 1309 527 1372 fronte
561 1310 856 1374 constituit
872 1328 893 1391 3
937 1314 1158 1396 reliqua
1214 1313 1378 1396 sig-na
1394 1315 1440 1351 ¹⁸
1480 1313 1543 1374 in
1583 1310 1850 1375 subsidiis
1871 1313 1914 1349 ¹⁹
1961 1311 2138 1373 artius
2152 1314 2200 1349 ¹⁰

344 1390 599 1453 collocat.
616 1391 705 1453 Ab
724 1391 816 1453 his
829 1393 1188 1455 centuriones
1201 1413 1401 1455 omnes
1421 1393 1595 1455 lectos
1613 1400 1669 1453 et
1687 1399 1944 1453 evocatos
1960 1395 2031 1468 ²¹,
2056 1412 2198 1472 prae-

348 1477 496 1532 terea
512 1490 582 1533 ex
608 1471 879 1554 gregariis
901 1472 1183 1535 militibus
1203 1472 1420 1553 optime
1442 1492 1729 1563 quemque
1757 1479 2048 1532 armatum
2067 1472 2112 1505 ”
2136 1472 2195 1530 in

346 1549 592 1628 primam
607 1551 788 1613 aciem
804 1552 1089 1613 subducit.
1108 1552 1176 1613 C.
1192 1550 1451 1612 Mallium
1465 1572 1526 1611 in
1542 1551 1762 1625 dextra,
1778 1552 2141 1611 Faesulauum
2151 1553 2197 1588 ¹⁸

342 1628 650 1710 quemdam
681 1630 744 1691 in
786 1630 1015 1692 sinistra
1050 1639 1211 1721 parte
1246 1650 1448 1691 curare
1477 1630 1685 1712 juhet3
1731 1649 1865 1692 cum
1901 1629 2118 1690 libertis
2145 1638 2202 1690 et

340 1708 557 1771 colonis
572 1712 619 1747 ²*
657 1719 890 1791 propter
940 1713 1191 1801 aquilam
1230 1709 1484 1785 adsistit,
1523 1730 1700 1791 quam
1739 1708 1887 1771 bello
1909 1708 2200 1770 cimbrico

343 1789 410 1849 C.
460 1789 676 1852 Marius
736 1789 795 1851 in
837 1797 1086 1851 exercitu
1132 1790 1397 1851 habuisse
1439 1790 1755 1851 dicebatur.
1799 1794 1876 1851 At
1914 1810 1982 1850 ex
2026 1789 2202 1851 altera

343 1877 501 1947 parte
553 1870 619 1933 C.
669 1867 951 1931 Antonius
966 1916 987 1946 ,
1026 1869 1265 1951 pedibus
1304 1890 1453 1951 aeger
1468 1871 1542 1946 ²⁸,
1585 1869 1736 1952 quod
1778 1868 1972 1949 praelio
2009 1868 2201 1930 adesse

341 2005 393 2047 in
425 2005 635 2051 Galliam.
671 2008 738 2050 Le
774 2008 988 2051 Picenum
1026 2013 1095 2051 est
1125 2008 1244 2052 limi-
1300 2003 1511 2061 cohortes,
1529 1984 1776 2068 {ar-meton
1856 2007 1912 2067 ie.

343 2060 530 2113 throphe
549 2061 606 2104 de
621 2060 669 2103 la
686 2061 831 2104 Gaule
849 2061 1151 2115 cisalpine,ou
1160 2058 1245 2105 Ca·
1354 2061 1399 2095 ¹⁹
1426 2060 1484 2103 In
1506 2059 1728 2103 substdtis.
1796 2057 2015 2100 absidiam
2045 2064 2116 2100 est
2146 2071 2198 2102 88

345 2113 475 2181 tilina
516 2112 774 2168 s’appretait
807 2112 836 2157 a
876 2115 1120 2158 descendi-e
1162 2126 1245 2167 pm·
1299 2125 1384 2169 que
1402 2114 1749 2176 nousappelons
1766 2113 1812 2155 la
1828 2110 2016 2156 re‘serve.

345 2165 637 2263 lffigelfflhb’te
662 2218 755 2276 qui,
777 2222 859 2264 etc.
889 2220 1019 2264 Volci
1045 2221 1091 2263 la
1115 2233 1243 2275 pura·
1296 2165 2089 2284 seggnggtlziugzgagffiguggkgormant
2109 2176 2198 2209 une

343 2272 502 2325 phrase
551 2285 577 2317 e
595 2285 648 2317 ce
694 2285 868 2329 assage:
880 2272 1015 2328 «Quia
1032 2286 1242 2328 manuum
1348 2273 1390 2306 ¹¹
1423 2274 1579 2317 Lectos
1594 2276 1635 2317 et
1651 2278 1861 2316 evocatos.
1879 2271 2101 2316 L’edition
2121 2269 2199 2314 Bi-

342 2326 535 2378 quidem,
557 2327 639 2370 sed
686 2327 776 2369 ocis
807 2325 1084 2393 &quior-ibus,
1115 2340 1242 2372 exer·
1295 2330 1482 2381 pontiae
1515 2332 1641 2382 porte
1668 2326 1827 2370 electos
1852 2330 1898 2368 et
1919 2325 2075 2379 separe
2097 2336 2198 2365 cen-

342 2379 477 2422 citum
500 2381 683 2433 ducens,
708 2382 815 2424 licet
843 2393 891 2424 in
915 2380 1084 2438 suyam
1110 2393 1241 2436 expe-
1297 2381 1495 2423 turinnes
1520 2383 1575 2424 de
1605 2380 1762 2423 electos
1787 2392 1866 2433 par
1890 2391 1980 2421 une
2007 2379 2075 2420 vir
2153 2390 2194 2418 e.

341 2429 471 2484 (Εἰσί,
502 2437 651 2475 tamen
676 2431 949 2488 sequebatur.
969 2447 993 2472 2
1029 2434 1239 2488 Autome,
1295 2433 1382 2477 Ces
1408 2433 1533 2477 electi
1562 2434 1743 2477 sont-ils
1776 2434 1844 2476 les
1874 2432 2046 2474 soldata
2105 2441 2132 2470 8
2152 2430 2199 2470 la

339 2485 857 2591 uarietatem}
868 2498 1146 2603 ᾞὲἒὲἓέἶὲἷὲἷ
1160 2488 1241 2583 {23

341 2591 560 2645 pendant,
604 2593 734 2645 grace
779 2604 862 2635 aux
904 2593 1094 2637 facilites
1142 2595 1241 2647 plus

344 2644 536 2739 grandes
552 2656 638 2699 que
655 2646 718 2689 lui
735 2645 978 2699 presentait
993 2648 1037 2689 18
1057 2648 1237 2690 terrain.

319 2748 326 2757 ‘
398 2708 542 2741 aeri-er
571 2698 627 2741 de
659 2697 760 2751 pres
781 2699 827 2742 la
855 2699 1004 2742 bande
1038 2700 1094 2743 de
1121 2698 1243 2743 Gati-

345 2749 438 2793 lina
454 2753 528 2805 qui
545 2751 687 2804 fuyait
705 2763 811 2795 sans
826 2752 1036 2805 bagages.

347 2804 354 2811 ‘
403 2802 446 2835 ¹⁰
477 2802 642 2860 Copias
665 2804 868 2848 instruit.
909 2804 982 2848 On
1012 2805 1106 2849 voit
1168 2806 1239 2849 lus

345 2852 451 2898 haut
463 2856 711 2901 instructos
723 2857 903 2901 ordi-nes
915 2856 1105 2900 inducit.
1159 2856 1243 2901 ’est

347 2909 549 2964 qu’avant
583 2912 640 2956 de
673 2924 752 2955 ran
785 2923 836 2954 er
870 2922 959 2953 une
995 2910 1143 2953 armee
1181 2924 1236 2954 en

343 2962 564 3061 158181118ἆί
573 2965 608 3007 11
634 2967 728 3008 faut
781 2965 959 3008 ’avance
985 2965 1148 3006 former
1174 2965 1241 3008 les

350 3017 1139 3129 ”tffaazpt³§32ffit{1‚¹3tffss“
1160 3031 1240 3124 52³5,

347 3127 502 3165 navant
532 3125 718 3178 italien,
785 3126 881 3168 lace
913 3125 958 3169 18
996 3123 1152 3189 champ
1185 3126 1242 3168 de

346 3173 528 3221 bataille
550 3178 662 3221 dans
678 3192 737 3222 un
783 3182 856 3222 ieu
883 3176 1038 3232 appele'
1067 3189 1244 3233 aujour-

345 3226 463 3271 d'hui
505 3228 715 3273 Tizzoro.
756 3229 819 3276 Ce
849 3232 941 3275 lieu
977 3231 1117 3274 forme
1151 3244 1241 3275 une

344 3280 503 3336 espece
514 3282 874 3338 d'amphitheatre
886 3289 1012 3328 entre
1027 3285 1071 3326 le
1085 3282 1242 3327 Rheno

346 3338 394 3376 et
408 3335 461 3396 la,
470 3338 611 3390 petite
629 3339 789 3381 riviere
807 3340 863 3380 de
881 3337 1120 3389 Marosca,
1147 3350 1242 3381 res-

342 3399 464 3431 serm
496 3389 525 3433 ὲ,
556 3391 725 3444 gauche
748 3397 874 3434 entre
893 3392 958 3433 les
976 3395 1241 3444 montagnes

347 3440 467 3491 (dest
489 3443 696 3489 l'endroit
719 3446 773 3488 de
795 3450 892 3487 tout
917 3456 969 3486 ce
992 3448 1155 3486 canton
1181 3444 1240 3488 ou

344 3493 579 3548 l’Apennin
618 3501 826 3541 sabaisse
862 3499 905 3540 18
940 3495 1086 3551 plus),
1131 3502 1179 3539 et
1213 3497 1241 3541 ὸ,

344 3547 490 3591 droite
534 3561 614 3603 par
653 3563 743 3595 une
777 3552 909 3595 roche
950 3546 1174 3601 escarpee.
1215 3565 1237 3589 ³·

346 3598 431 3651 (De
446 3600 674 3657 Bnossas.)

401 3651 445 3688 ¹8
477 3652 672 3710 Reliqua
706 3661 850 3712 siqua,
883 3671 993 3713 poui-
1041 3660 1241 3716 reliquas

1293 2487 1512 2540 premiere
1547 2487 1744 2538 cohorte,
1779 2483 2130 2537 correspondant
2170 2479 2200 2522 a.

1295 2552 1378 2583 nos
1396 2539 1700 2594 yrenadiers?
1729 2539 1817 2581 Par
1834 2538 2034 2578 evocatos
2052 2534 2197 2576 faut-il

1295 2594 1531 2644 entendre‚
1568 2595 1679 2635 dans
1718 2592 1762 2635 18
1798 2601 1904 2632 sens
1936 2598 2099 2641 propre
2138 2587 2198 2628 du

1294 2651 1402 2699 mot,
1436 2647 1517 2688 des
1547 2640 1789 2688 veterane?
1820 2641 1889 2685 Ou
1916 2642 2022 2683 bien
2052 2640 2198 2682 faut-il

1293 2699 1404 2741 faire
1423 2703 1652 2751 rapporter
1670 2697 1805 2740 lectos
1830 2700 1876 2737 et
1891 2695 2096 2736 evocatos
2113 2705 2198 2735 aux

1295 2752 1551 2793 centurione
1581 2761 1667 2804 que
1691 2747 1888 2792 Catilina.
1912 2746 2021 2802 legit
2043 2749 2085 2788 et
2101 2758 2177 2789 evo

1296 2805 1404 2847 cat?
1436 2803 1502 2847 De
1521 2803 1705 2846 Brosses
1726 2806 1796 2845 est
1812 2812 1923 2854 pour
1940 2802 1985 2844 18
2004 2802 2196 2855 premier

1296 2867 1425 2909 sens;
1449 2868 1561 2899 nous
1580 2853 1808 2909 prefer-ons
1826 2855 1869 2897 18
1884 2855 2051 2898 second
2064 2866 2196 2908 parce

1296 2909 1399 3005 qu’il
1421 2921 1479 2953 ne
1499 2909 1625 2964 s’agit
1642 2920 1723 2963 pas
1750 2907 1876 2950 d'uue
1899 2906 2049 2952 armee
2069 2907 2178 2962 reg-n

1316 2976 1423 3007 iere.

1349 3016 1395 3049 ²²
1423 3014 1680 3071 Armatam,
1704 3027 1725 3053 ι
1746 3013 1882 3068 aime,
1898 3031 1920 3055 ιι
1944 3019 2072 3059 entre
2087 3027 2196 3057 ceux

1298 3071 1373 3125 qui
1394 3071 1569 3113 avaient
1583 3071 1652 3113 les
1671 3082 1800 3113 arma
1818 3067 2054 3113 militaria·

1351 3123 1396 3157 2³
1424 3123 1705 3167 Faesulanum
1719 3155 1732 3173 ,
1778 3136 1837 3166 un
1871 3122 2095 3176 capitaine
2138 3121 2196 3163 de

1296 3175 1479 3221 Pesules
1523 3180 1627 3232 (auj.
1658 3175 1861 3228 metente).
1893 3176 2132 3229 Plutarque
2152 3175 2197 3214 le

1296 3243 1473 3274 nomme
1491 3231 1664 3284 Furius,
1684 3237 1731 3274 et
1748 3228 1934 3273 Ciceron
1953 3232 2128 3290 compte
2144 3230 2190 3268 ce

1296 3283 1452 3326 Furius
1467 3287 1606 3346 pai-mi
1620 3286 1688 3327 188
1702 3284 1960 3338 principaux
1974 3276 2186 3332 conjures.

1349 3335 1395 3369 2⁴
1426 3336 1616 3381 [Λὼτ-τίς
1631 3343 1679 3380 et
1696 3336 1882 3379 colonis.
1904 3348 1927 3373 ε
1944 3345 2017 3377 ses
2036 3333 2187 3373 affran-

1295 3389 1390 3432 chis
1416 3396 1463 3435 et
1483 3403 1555 3433 ses
1573 3392 1733 3434 cliente
1751 3392 1807 3431 de
1830 3390 1873 3430 la
1892 3394 2185 3444 compagae-3

1297 3442 1384 3486 Les
1435 3444 1583 3487 coloni
1616 3444 1869 3498 repondeat
1912 3439 1938 3482 a
1986 3448 2069 3479 nos
2107 3445 2184 3476 me·

1297 3497 1640 3592 aggi-:bedam
1689 3557 1824 3602 aeger,
1877 3537 2191 3584 uttdraleme'm

1296 3615 1319 3639 1
1335 3607 1547 3646 soum-ant
1561 3604 1641 3644 des
1656 3602 1822 3652 pleds.»
1842 3591 2060 3654 Antonius
2078 3590 2195 3629 avait

1296 3668 1352 3699 ou
1369 3659 1552 3707 seiguait
1562 3653 1725 3697 d'avoir
1737 3661 1796 3692 un
1809 3656 1936 3689 acces
1951 3642 2007 3683 de
2024 3645 2190 3694 goutte.

1874 3723 1970 3767 12.
