2525 3984
302 137 420 197 m
948 100 1501 191 NARRATloNES.

384 267 518 325 Haec
540 263 756 332 audita,
776 283 1104 344 quanquam
1125 261 1478 339 abstrusum,
1501 270 1555 322 et
1575 260 1895 324 tristissuma
1915 285 2151 347 quaeque

304 343 549 405 maxime
603 343 981 404 occultantem
1035 342 1330 403 Tiberium
1383 342 1677 423 perpulere
1699 385 1719 417 ,
1775 350 1840 402 ut
1898 345 2149 407 Drusum

303 424 489 485 filium
504 442 637 484 cum
659 420 1005 502 primoribus
1019 419 1284 497 civitatiS,
1301 420 1632 501 duabusque
1654 421 1931 500 praetoriis
1952 426 2151 486 cohor—

307 503 457 564 tibus
492 501 765 578 mitteret,
800 501 971 561 nullis
999 499 1132 561 satis
1166 499 1332 562 certis
1366 499 1645 561 mandatis
1674 519 1692 561 :
1730 520 1797 561 ex
1833 523 1894 563 re
1931 506 2153 565 consul-

306 594 522 642 turum.
554 582 628 641 Et
650 582 905 642 cohortes
927 579 1141 640 delecto
1162 579 1347 641 milite
1373 600 1545 670 supra
1571 580 1803 641 solitum
1818 582 1867 618 ⁸²
1886 583 2146 645 firmatae.

305 661 547 722 Additur
573 681 778 741 magna
805 680 933 740 pars
969 658 1291 740 praetoriani
1321 659 1550 741 equltiS,
1579 668 1634 720 et
1667 658 1870 721 robora
1907 663 2151 724 Germa-

304 742 599 816 mrumst,
647 738 743 820 qui
795 747 919 799 tum
965 739 1220 800 custodes
1265 737 1596 820 imperatori
1638 738 1871 801 aderant
1914 740 2148 814 :simui

305 818 552 901 praetorii
597 819 892 900 praefectus
930 817 1112 880 AElius
1151 818 1412 909 SejanuS,
1453 820 1664 900 collega
1700 820 1963 881 Straboni
2003 823 2148 901 patri

304 921 405 960 suo
426 899 590 961 datus
594 943 615 975 ,
639 918 847 978 magna
867 898 1019 979 apud
1042 897 1338 959 Tiberium
1358 897 1714 974 auctoritate,
1730 907 1914 960 rector
1928 901 2148 980 juveni,

303 989 359 1038 et
386 977 582 1039 ceteris
622 977 1006 1058 periculorum
1033 976 1516 1058 praemiorumque
1548 980 1935 1040 ostentatorfl.
1967 982 2148 1042 Druso

306 1055 731 1137 propinquanti,
755 1056 913 1136 quasi
946 1078 1047 1137 per
1077 1057 1328 1117 officium
1359 1056 1535 1118 obviae
1560 1059 1715 1118 fuere
1741 1058 1989 1140 legiones
2034 1058 2159 1120 non‘

304 1139 469 1213 laetae,
500 1143 563 1196 ut
589 1138 819 1212 assolet,
859 1156 1043 1216 neque
1080 1135 1398 1217 insignibus
1432 1138 1708 1217 fulgentes
1721 1138 1794 1213 ¹⁵⁸,
1823 1138 1920 1198 sed
1957 1139 2150 1200 illuvie

304 1214 544 1276 deformi
580 1223 633 1275 et
655 1217 840 1291 vultu,
870 1235 1196 1297 quanquam
1232 1216 1563 1277 moestitiain
1600 1216 1982 1294 imitarentur,
2020 1238 2152 1279 con-

306 1294 565 1355 tumaciae
595 1293 906 1408 fropioreS.
945 1297 1251 1376 Postquam
1284 1298 1496 1356 vallum
1527 1295 1776 1371 introiit,
1806 1305 1994 1377 portas
2031 1306 2152 1358 sta-

305 1374 590 1434 tionibus⁸
664 1375 936 1450 firmant,
986 1374 1180 1454 globos
1229 1384 1586 1436 armatorum
1631 1375 1797 1436 certis
1836 1384 2149 1437 castrorum

304 1453 441 1514 locis
477 1453 720 1543 opperiri
758 1453 962 1534 jubent
999 1471 1014 1513 ε
1048 1454 1217 1516 ceteri
1246 1454 1495 1516 tribunal
1532 1454 1745 1535 ingenti
1784 1455 2009 1535 agmine
2043 1455 2151 1516 eir—

306 1541 696 1595 cumvenmnt.
734 1533 930 1595 Stabat
959 1535 1176 1595 Drusus
1211 1534 1503 1597 silentium
1538 1554 1717 1595 manu
1751 1555 2003 1615 poscens,
2038 1536 2149 1609 llli,

305 1612 564 1693 quotiens
586 1613 773 1674 oculos
794 1613 865 1674 ad
889 1612 1317 1674 multitudinem
1340 1617 1686 1690 retulerant,
1708 1614 1936 1676 vocibus
1957 1623 2152 1675 trucu-

305 1691 468 1752 lentis
499 1700 779 1772 strepere3
812 1713 1076 1769 rursum,
1100 1691 1219 1753 viso
1249 1694 1466 1755 Caesare
1484 1739 1504 1769 ,
1537 1693 1818 1774 trepidare
1843 1710 1859 1754 τ
1885 1714 2152 1755 murmur

304 1770 587 1832 incertum
604 1772 687 1848 ⁸⁷3
725 1779 881 1833 atrox
914 1774 1153 1848 clamor,
1179 1779 1235 1833 et
1261 1783 1490 1852 repente
1528 1772 1688 1854 quies
1719 1772 1997 1833 :diversis
2034 1773 2152 1834 ani-

306 1870 535 1910 morum
571 1850 818 1911 motibus
834 1896 855 1928 ,
890 1852 1165 1932 pavebant
1182 1896 1202 1928 ,
1230 1853 1650 1933 terrebantque.
1692 1852 1945 1913 Tandem
1978 1851 2152 1912 inter—

305 1938 473 2010 rupto
516 1931 802 2006 tumultu,
846 1931 1057 1992 litteras
1087 1929 1260 2010 patris
1296 1930 1492 1993 recitat
1519 1931 1579 1991 in
1608 1929 1732 2011 quis
1770 1930 2149 2011 perscriptum

306 2018 426 2070 erat
461 2028 477 2071 ε
524 2031 555 2069 (ι
588 2010 943 2090 Praecipuam
988 2009 1093 2090 ipsi
1128 2010 1566 2072 fortissimarum
1602 2010 1891 2091 legionum
1928 2030 2148 2088 curam,

308 2088 647 2168 quibuscum
668 2090 920 2169 plurima
949 2090 1095 2150 bella
1116 2089 1497 2168 toleravisset3
1528 2089 1626 2152 ubi
1652 2090 1908 2171 primum
1932 2110 1966 2151 a
1992 2091 2147 2152 luctu

308 2166 612 2248 requiesset
661 2167 887 2229 animus
902 2170 973 2244 ⁸⁸,
1019 2178 1282 2230 acturum
1332 2170 1484 2251 apud
1523 2177 1708 2251 patres
1751 2160 1819 2229 de
1858 2169 2152 2249 postulatis

309 2267 507 2307 eorum
537 2263 553 2308 ε
584 2245 802 2308 misisse
826 2245 1057 2309 interim
1086 2248 1296 2324 filium,
1327 2258 1393 2310 ut
1419 2249 1538 2311 sine
1569 2248 1924 2308 cunctatione
1956 2268 2151 2308 conce·

308 2326 498 2402 deret,
528 2347 651 2408 quae
677 2327 868 2388 statim
893 2327 1064 2389 tribui
1103 2337 1327 2409 possent
1353 2347 1370 2390 ε
1401 2336 1583 2389 cetera
1604 2325 1818 2388 senatui
1854 2327 2150 2402 servanda,

309 2426 480 2487 quem
521 2426 704 2487 neque
742 2406 936 2488 gratiae
950 2454 970 2484 ,
1006 2429 1189 2490 neque
1227 2407 1537 2471 severitatis
1564 2415 1852 2488 expertem
1865 2407 1911 2443 ⁸⁹
1954 2406 2149 2468 haberi

309 2507 411 2566 par
438 2496 599 2548 esset.
632 2510 661 2546 ›>

363 2603 408 2636 ¹⁵²
434 2604 588 2659 Supra
605 2603 801 2648 solitum.
822 2603 1001 2660 Chaque
1019 2605 1201 2649 cohorte
1257 2605 1437 2658 seignes
1482 2603 1639 2658 pax-ees
1674 2605 1754 2646 des
1790 2608 2046 2645 ornaments
2097 2602 2157 2646 de

309 2655 419 2700 etait
437 2659 493 2700 de
514 2659 633 2711 1,ooo
647 2658 859 2702 hommes.
1256 2656 1360 2700 sete.
1375 2670 1398 2695 ›
1416 2656 1501 2710 N'y
1521 2658 1638 2700 a-t-il
1656 2669 1736 2709 pas
1753 2666 1916 2708 moyen
1937 2657 1993 2698 de
2007 2657 2154 2698 conci-

363 2710 408 2743 53
428 2709 611 2754 Robora
630 2711 972 2757 Germanorum.
999 2713 1055 2755 {a
1068 2713 1202 2766 garde
1256 2712 1341 2753 Iler
1361 2711 1428 2754 les
1449 2712 1564 2753 deux
1585 2709 1791 2762 opinions
1815 2720 1872 2750 en
1898 2709 2015 2762 expli
2046 2713 2153 2751 uant

311 2765 592 2818 germanique
628 2766 743 2808 avait
778 2763 850 2808 ete
891 2760 1082 2808 diss‘oute
1123 2777 1204 2818 par
1256 2760 1509 2828 insignibus
1542 2775 1711 2806 comme
1733 2759 1899 2817 oppose
1922 2760 1950 2805 ὁ,
1968 2761 2018 2803 de
2038 2761 2151 2804 ormi

312 2815 520 2868 Auguste,
540 2816 665 2886 apres
694 2819 740 2860 la
769 2818 933 2861 defaite
952 2820 1007 2860 de
1025 2818 1169 2861 Varus
1189 2828 1200 2856 :
1256 2814 1404 2859 illuvie
1419 2830 1441 2868 ,·
1461 2815 1507 2859 la
1520 2814 1695 2877 yijande
1716 2818 1838 2858 tenue
1856 2826 2049 2868 opposee
2065 2813 2092 2857 a
2107 2813 2151 2855 la

313 2868 346 2909 il
362 2866 502 2919 pax-ait
518 2881 576 2922 qu
588 2871 674 2912 elle
693 2871 809 2914 avait
828 2870 899 2914 ete
919 2870 1105 2914 retablie
1124 2883 1203 2925 par
1259 2872 1384 2912 tenue
1404 2869 1601 2926 ne'yliyee
1616 2864 1640 2910 *Ρ

312 2919 488 2962 Tibere.
529 2970 539 2981 ·
1314 2921 1360 2956 56
1374 2921 2155 2984 stationibusLesstationes‚postes

368 2970 413 3004 ⁵¹·
432 2970 740 3014 Pei-walorum
780 2975 1025 3018 raemiorum
1063 2989 1116 3018 ue
1134 2988 1205 3019 os·
1257 2974 1462 3025 araneos,
1498 2989 1548 3019 se
1586 2977 1790 3019 tenaient
1836 2988 1893 3018 au
1938 2976 2041 3017 dela
2073 2975 2160 3016 dea

317 3026 531 3067 tentator.
563 3023 728 3069 Pericu
751 3039 891 3076 orum,
911 3030 1021 3071 dans
1056 3042 1081 3072 e
1099 3041 1204 3073 sens
1256 3034 1422 3082 portes.

316 3077 371 3119 de
378 3079 1111 3136 poenarum,chatimentsainffiger
1121 3094 1203 3125 aux
1314 3080 1357 3115 ⁸⁷
1388 3080 1604 3125 Murmur
1634 3081 1855 3125 incertum
1869 3111 1880 3133 9
1913 3093 2005 3123 ‘1¹¹¹
2039 3091 2151 3121 mur·

313 3130 525 3182 rebeues;
574 3132 838 3185 raemiorum,
855 3133 1162 3187 recompenses
1178 3133 1204 3177 ὰ
1257 3146 1380 3176 mure
1403 3136 1569 3177 consus.
1588 3148 1611 3173 ›
1644 3134 1759 3177 Tout
1791 3135 1834 3175 le
1869 3135 2049 3193 taoleau
2079 3133 2151 3184 qui

314 3184 518 3225 accorder
570 3196 678 3226 ceux
696 3187 769 3229 oui
786 3189 1079 3231 rentreraient
1092 3189 1204 3232 dans
1259 3188 1349 3231 suit
1368 3193 1437 3230 est
1456 3187 1585 3230 d'une
1602 3188 1769 3239 grande
1790 3188 1966 3229 beaute.

314 3236 356 3278 le
381 3237 545 3279 devoir.
1314 3237 1360 3274 ⁸8
1393 3238 1481 3284 Ubi
1499 3252 1528 3281 a
1550 3238 1671 3281 luctu
1696 3240 1952 3294 requiesset,
1972 3236 2050 3280 des
2096 3248 2152 3278 ue

368 3284 417 3322 ⁸5
441 3289 703 3344 Insiynibus
718 3289 965 3347 sulqentes.
986 3292 1070 3338 Ges
1088 3299 1204 3338 mots
1259 3305 1342 3336 son
1362 3293 1481 3337 deuil
1502 3293 1568 3335 lui
1592 3294 1814 3336 laisserait
1829 3294 2016 3346 quelque
2035 3302 2082 3331 re
2100 3291 2146 3331 a·

314 3353 427 3386 nous
447 3346 667 3387 semblent
696 3344 913 3398 rependi-e
941 3346 969 3389 ὲ.
997 3347 1205 3400 l'expres-
1258 3347 1390 3390 chen
1412 3347 1573 3395 Luc-tu,
1593 3345 1835 3390 l'affliction
1856 3346 1960 3398 qu'il
1981 3354 2151 3405 ressen-

316 3395 413 3438 sion
446 3408 499 3438 en
537 3397 707 3452 yrande
741 3401 880 3440 tenue.
912 3400 977 3441 M.
1009 3399 1210 3443 Barnous
1258 3401 1343 3442 tait
1358 3401 1415 3443 de
1443 3401 1487 3443 la
1514 3403 1630 3442 mort
1659 3397 1907 3450 d’Auguste.
1949 3396 2087 3451 (er
2107 3394 2152 3437 la

314 3449 480 3491 traduit
496 3449 656 3504 «pares
671 3452 727 3493 de
742 3452 859 3494 leurs
875 3452 1199 3506 decorations»;
1258 3451 1493 3496 Narration
1528 3453 1583 3495 de
1614 3452 1660 3495 la
1692 3449 1876 3493 bataille
1896 3449 1950 3492 de
1971 3447 2148 3499 Petoie,

318 3498 382 3542 M.
395 3500 572 3546 Nandet
590 3501 784 3554 (Edition
800 3502 1004 3557 Dezobry
1017 3510 1063 3546 et
1077 3505 1185 3558 Mag
1258 3517 1287 3558 p
1347 3517 1371 3549 e
1392 3506 1486 3559 211,
1506 3511 1611 3549 note
1631 3505 1678 3546 41
1689 3502 1717 3555 .)

309 3552 526 3609 deleine),
545 3557 713 3599 entend
725 3555 974 3612 ins-iginibus
991 3557 1070 3599 des
1091 3570 1112 3595 «
1127 3569 1204 3599 en·
1338 3557 1360 3591 ⁹
1392 3556 1546 3614 Neque
1588 3557 1750 3612 qratia
1827 3567 1963 3609 neque
2048 3556 2136 3596 eto-
