<?xml version="1.0" encoding="UTF-8"?>
<!DOCTYPE html PUBLIC "-//W3C//DTD XHTML 1.0 Transitional//EN"
    "http://www.w3.org/TR/xhtml1/DTD/xhtml1-transitional.dtd">
<html xmlns="http://www.w3.org/1999/xhtml" xml:lang="en" lang="en">
 <head>
  <title>
</title>
<meta http-equiv="Content-Type" content="text/html;charset=utf-8" />
  <meta name='ocr-system' content='tesseract 3.04.00' />
  <meta name='ocr-capabilities' content='ocr_page ocr_carea ocr_par ocr_line ocrx_word'/>
</head>
<body>
  <div class='ocr_page' id='page_1' title='image "./narrationeslati00guiagoog/narrationeslati00guiagoog_0033.png"; bbox 0 0 2525 3984; ppageno 0'>
   <div class='ocr_carea' id='block_1_1' title="bbox 979 217 2182 278">
    <p class='ocr_par' dir='ltr' id='par_1_1' title="bbox 979 217 2182 278">
     <span class='ocr_line' id='line_1_1' title="bbox 979 217 2182 278; baseline 0.001 -2"><span class='ocrx_word' id='word_1_1' title='bbox 979 217 1535 278; x_wconf 84' lang='lat' dir='ltr'><strong>NARRATIONES.</strong></span> <span class='ocrx_word' id='word_1_2' title='bbox 2111 222 2182 277; x_wconf 76' lang='lat'>15</span> 
     </span>
    </p>
   </div>
   <div class='ocr_carea' id='block_1_2' title="bbox 335 340 2201 2644">
    <p class='ocr_par' dir='ltr' id='par_1_2' title="bbox 335 340 2201 2644">
     <span class='ocr_line' id='line_1_2' title="bbox 336 340 2183 429; baseline -0.002 -18"><span class='ocrx_word' id='word_1_3' title='bbox 336 348 669 429; x_wconf 77' lang='lat' dir='ltr'>longiorque</span> <span class='ocrx_word' id='word_1_4' title='bbox 690 347 710 381; x_wconf 78' lang='lat'>¹·</span> <span class='ocrx_word' id='word_1_5' title='bbox 752 347 937 408; x_wconf 90' lang='lat' dir='ltr'>causis</span> <span class='ocrx_word' id='word_1_6' title='bbox 978 347 1203 408; x_wconf 89' lang='lat' dir='ltr'>timoris</span> <span class='ocrx_word' id='word_1_7' title='bbox 1256 346 1433 409; x_wconf 88' lang='lat' dir='ltr'>timor</span> <span class='ocrx_word' id='word_1_8' title='bbox 1479 356 1620 409; x_wconf 88' lang='lat' dir='ltr'>erat.</span> <span class='ocrx_word' id='word_1_9' title='bbox 1666 340 1898 409; x_wconf 84' lang='lat' dir='ltr'>Deserta</span> <span class='ocrx_word' id='word_1_10' title='bbox 1944 348 2075 408; x_wconf 85' lang='lat' dir='ltr'>inde</span> <span class='ocrx_word' id='word_1_11' title='bbox 2128 357 2183 408; x_wconf 87' lang='lat' dir='ltr'>et</span> 
     </span>
     <span class='ocr_line' id='line_1_3' title="bbox 335 425 2181 509; baseline 0 -22"><span class='ocrx_word' id='word_1_12' title='bbox 335 425 608 488; x_wconf 82' lang='lat' dir='ltr'>damnata</span> <span class='ocrx_word' id='word_1_13' title='bbox 647 425 953 488; x_wconf 84' lang='lat' dir='ltr'>solitudine</span> <span class='ocrx_word' id='word_1_14' title='bbox 1000 426 1229 503; x_wconf 78' lang='lat' dir='ltr'>domuS,</span> <span class='ocrx_word' id='word_1_15' title='bbox 1278 434 1508 509; x_wconf 88' lang='lat' dir='ltr'>totaque</span> <span class='ocrx_word' id='word_1_16' title='bbox 1548 425 1631 487; x_wconf 89' lang='lat' dir='ltr'>illi</span> <span class='ocrx_word' id='word_1_17' title='bbox 1673 435 1925 488; x_wconf 89' lang='lat' dir='ltr'>monstro</span> <span class='ocrx_word' id='word_1_18' title='bbox 1965 425 2181 489; x_wconf 82' lang='lat' dir='ltr'>relicta.</span> 
     </span>
     <span class='ocr_line' id='line_1_4' title="bbox 338 504 2186 588; baseline 0.001 -23"><span class='ocrx_word' id='word_1_19' title='bbox 338 505 799 568; x_wconf 76' lang='lat' dir='ltr'>proscribebatur</span> <span class='ocrx_word' id='word_1_20' title='bbox 834 514 1051 583; x_wconf 86' lang='lat' dir='ltr'>tamen,</span> <span class='ocrx_word' id='word_1_21' title='bbox 1074 526 1172 568; x_wconf 89' lang='lat' dir='ltr'>seu</span> <span class='ocrx_word' id='word_1_22' title='bbox 1195 504 1324 588; x_wconf 87' lang='lat' dir='ltr'>quis</span> <span class='ocrx_word' id='word_1_23' title='bbox 1345 525 1558 582; x_wconf 84' lang='lat' dir='ltr'>emere,</span> <span class='ocrx_word' id='word_1_24' title='bbox 1593 526 1693 568; x_wconf 87' lang='lat' dir='ltr'>seu</span> <span class='ocrx_word' id='word_1_25' title='bbox 1713 506 1839 587; x_wconf 90' lang='lat' dir='ltr'>quis</span> <span class='ocrx_word' id='word_1_26' title='bbox 1871 504 2186 568; x_wconf 87' lang='lat' dir='ltr'>conducere</span> 
     </span>
     <span class='ocr_line' id='line_1_5' title="bbox 336 583 2186 676; baseline 0.001 -32"><span class='ocrx_word' id='word_1_27' title='bbox 336 583 567 666; x_wconf 87' lang='lat' dir='ltr'>ignarus</span> <span class='ocrx_word' id='word_1_28' title='bbox 589 585 733 647; x_wconf 88' lang='lat' dir='ltr'>tanti</span> <span class='ocrx_word' id='word_1_29' title='bbox 756 585 894 647; x_wconf 88' lang='lat' dir='ltr'>mali</span> <span class='ocrx_word' id='word_1_30' title='bbox 918 587 1105 647; x_wconf 78' lang='lat' dir='ltr'>vellet.</span> <span class='ocrx_word' id='word_1_31' title='bbox 1141 585 1313 647; x_wconf 81' lang='lat' dir='ltr'>Venit</span> <span class='ocrx_word' id='word_1_32' title='bbox 1333 586 1582 647; x_wconf 83' lang='lat' dir='ltr'><strong>Athenas</strong></span> <span class='ocrx_word' id='word_1_33' title='bbox 1616 583 1981 676; x_wconf 74' lang='lat' dir='ltr'>philosophus</span> <span class='ocrx_word' id='word_1_34' title='bbox 2001 585 2186 646; x_wconf 80' lang='lat' dir='ltr'>Athe—</span> 
     </span>
     <span class='ocr_line' id='line_1_6' title="bbox 335 663 2188 746; baseline 0.001 -22"><span class='ocrx_word' id='word_1_35' title='bbox 335 664 635 742; x_wconf 51' lang='lat' dir='ltr'>nodorusff</span> <span class='ocrx_word' id='word_1_36' title='bbox 652 663 789 745; x_wconf 87' lang='lat' dir='ltr'>legit</span> <span class='ocrx_word' id='word_1_37' title='bbox 828 664 1062 725; x_wconf 82' lang='lat' dir='ltr'>titulum</span> <span class='ocrx_word' id='word_1_38' title='bbox 1077 666 1125 741; x_wconf 79' lang='lat'>⁸,</span> <span class='ocrx_word' id='word_1_39' title='bbox 1167 664 1474 746; x_wconf 85' lang='lat' dir='ltr'>auditoque</span> <span class='ocrx_word' id='word_1_40' title='bbox 1514 664 1718 746; x_wconf 89' lang='lat' dir='ltr'>pretio,</span> <span class='ocrx_word' id='word_1_41' title='bbox 1754 673 2188 745; x_wconf 54' lang='lat' dir='ltr'>quiass&#39;suspecta</span> 
     </span>
     <span class='ocr_line' id='line_1_7' title="bbox 337 742 2185 824; baseline 0 -21"><span class='ocrx_word' id='word_1_42' title='bbox 337 742 548 819; x_wconf 82' lang='lat' dir='ltr'>vilitas,</span> <span class='ocrx_word' id='word_1_43' title='bbox 561 751 985 824; x_wconf 81' lang='lat' dir='ltr'>percunctatus,</span> <span class='ocrx_word' id='word_1_44' title='bbox 1006 744 1201 806; x_wconf 91' lang='lat' dir='ltr'>omnia</span> <span class='ocrx_word' id='word_1_45' title='bbox 1219 743 1481 821; x_wconf 84' lang='lat' dir='ltr'>docetur,</span> <span class='ocrx_word' id='word_1_46' title='bbox 1502 764 1568 807; x_wconf 89' lang='lat' dir='ltr'>ac</span> <span class='ocrx_word' id='word_1_47' title='bbox 1587 742 1982 818; x_wconf 90' lang='lat' dir='ltr'>nihilominus,</span> <span class='ocrx_word' id='word_1_48' title='bbox 2005 742 2185 804; x_wconf 91' lang='lat' dir='ltr'>immo</span> 
     </span>
     <span class='ocr_line' id='line_1_8' title="bbox 340 821 2184 905; baseline 0.001 -24"><span class='ocrx_word' id='word_1_49' title='bbox 340 830 493 883; x_wconf 83' lang='lat' dir='ltr'>tanto</span> <span class='ocrx_word' id='word_1_50' title='bbox 507 821 690 903; x_wconf 85' lang='lat' dir='ltr'>magis</span> <span class='ocrx_word' id='word_1_51' title='bbox 710 822 997 884; x_wconf 86' lang='lat' dir='ltr'>conducit.</span> <span class='ocrx_word' id='word_1_52' title='bbox 1012 822 1118 884; x_wconf 87' lang='lat' dir='ltr'>Ubi</span> <span class='ocrx_word' id='word_1_53' title='bbox 1137 823 1309 905; x_wconf 82' lang='lat' dir='ltr'>coepit</span> <span class='ocrx_word' id='word_1_54' title='bbox 1331 821 1786 904; x_wconf 80' lang='lat' dir='ltr'>advesperascere</span> <span class='ocrx_word' id='word_1_55' title='bbox 1801 823 1964 904; x_wconf 79' lang='lat' dir='ltr'>jubet</span> <span class='ocrx_word' id='word_1_56' title='bbox 1981 822 2184 884; x_wconf 77' lang='lat' dir='ltr'>sterni⁰</span> 
     </span>
     <span class='ocr_line' id='line_1_9' title="bbox 338 900 2186 993; baseline 0 -32"><span class='ocrx_word' id='word_1_57' title='bbox 338 901 447 961; x_wconf 88' lang='lat' dir='ltr'>sibi</span> <span class='ocrx_word' id='word_1_58' title='bbox 494 901 558 962; x_wconf 92' lang='lat' dir='ltr'>in</span> <span class='ocrx_word' id='word_1_59' title='bbox 611 901 800 982; x_wconf 85' lang='lat' dir='ltr'>prima</span> <span class='ocrx_word' id='word_1_60' title='bbox 852 901 1057 964; x_wconf 90' lang='lat' dir='ltr'>domus</span> <span class='ocrx_word' id='word_1_61' title='bbox 1097 911 1282 984; x_wconf 86' lang='lat' dir='ltr'>parte,</span> <span class='ocrx_word' id='word_1_62' title='bbox 1336 902 1518 984; x_wconf 89' lang='lat' dir='ltr'>poscit</span> <span class='ocrx_word' id='word_1_63' title='bbox 1569 900 1895 993; x_wconf 85' lang='lat' dir='ltr'>pugillares,</span> <span class='ocrx_word' id='word_1_64' title='bbox 1951 902 2186 982; x_wconf 77' lang='lat' dir='ltr'>stylum,</span> 
     </span>
     <span class='ocr_line' id='line_1_10' title="bbox 339 979 2188 1061; baseline 0 -21"><span class='ocrx_word' id='word_1_65' title='bbox 339 982 538 1041; x_wconf 85' lang='lat' dir='ltr'>lumen</span> <span class='ocrx_word' id='word_1_66' title='bbox 564 1000 735 1045; x_wconf 83' lang='lat' dir='ltr'>:suos</span> <span class='ocrx_word' id='word_1_67' title='bbox 756 1001 953 1043; x_wconf 90' lang='lat' dir='ltr'>omnes</span> <span class='ocrx_word' id='word_1_68' title='bbox 979 980 1042 1042; x_wconf 92' lang='lat' dir='ltr'>in</span> <span class='ocrx_word' id='word_1_69' title='bbox 1075 981 1348 1043; x_wconf 87' lang='lat' dir='ltr'>interiora</span> <span class='ocrx_word' id='word_1_70' title='bbox 1380 980 1653 1060; x_wconf 83' lang='lat' dir='ltr'>dimitt1t3</span> <span class='ocrx_word' id='word_1_71' title='bbox 1683 980 1802 1061; x_wconf 80' lang='lat' dir='ltr'>ipse</span> <span class='ocrx_word' id='word_1_72' title='bbox 1824 979 1893 1042; x_wconf 81' lang='lat' dir='ltr'>ad</span> <span class='ocrx_word' id='word_1_73' title='bbox 1929 980 2188 1041; x_wconf 86' lang='lat' dir='ltr'>scriben-</span> 
     </span>
     <span class='ocr_line' id='line_1_11' title="bbox 338 1058 2186 1138; baseline 0 -19"><span class='ocrx_word' id='word_1_74' title='bbox 338 1060 506 1136; x_wconf 88' lang='lat' dir='ltr'>dum,</span> <span class='ocrx_word' id='word_1_75' title='bbox 548 1058 835 1136; x_wconf 87' lang='lat' dir='ltr'>animum,</span> <span class='ocrx_word' id='word_1_76' title='bbox 878 1061 1094 1138; x_wconf 76' lang='lat' dir='ltr'>oculoS,</span> <span class='ocrx_word' id='word_1_77' title='bbox 1136 1080 1378 1124; x_wconf 85' lang='lat' dir='ltr'>manum</span> <span class='ocrx_word' id='word_1_78' title='bbox 1403 1060 1671 1135; x_wconf 84' lang='lat' dir='ltr'>intendit,</span> <span class='ocrx_word' id='word_1_79' title='bbox 1706 1081 1778 1122; x_wconf 90' lang='lat' dir='ltr'>ne</span> <span class='ocrx_word' id='word_1_80' title='bbox 1817 1080 1994 1121; x_wconf 76' lang='lat' dir='ltr'>vacua</span> <span class='ocrx_word' id='word_1_81' title='bbox 2026 1079 2186 1120; x_wconf 89' lang='lat' dir='ltr'>mens</span> 
     </span>
     <span class='ocr_line' id='line_1_12' title="bbox 340 1137 2188 1220; baseline 0.001 -21"><span class='ocrx_word' id='word_1_82' title='bbox 340 1137 533 1201; x_wconf 80' lang='lat' dir='ltr'>audita</span> <span class='ocrx_word' id='word_1_83' title='bbox 551 1138 859 1201; x_wconf 82' lang='lat' dir='ltr'>simulacra</span> <span class='ocrx_word' id='word_1_84' title='bbox 891 1148 948 1201; x_wconf 88' lang='lat' dir='ltr'>et</span> <span class='ocrx_word' id='word_1_85' title='bbox 968 1139 1163 1202; x_wconf 88' lang='lat' dir='ltr'>inanes</span> <span class='ocrx_word' id='word_1_86' title='bbox 1187 1140 1298 1201; x_wconf 88' lang='lat' dir='ltr'>sibi</span> <span class='ocrx_word' id='word_1_87' title='bbox 1319 1149 1504 1203; x_wconf 90' lang='lat' dir='ltr'>metus</span> <span class='ocrx_word' id='word_1_88' title='bbox 1524 1141 1781 1220; x_wconf 84' lang='lat' dir='ltr'>fingeret.</span> <span class='ocrx_word' id='word_1_89' title='bbox 1807 1138 2000 1214; x_wconf 77' lang='lat' dir='ltr'>Initio,</span> <span class='ocrx_word' id='word_1_90' title='bbox 2023 1139 2188 1220; x_wconf 87' lang='lat' dir='ltr'>quale</span> 
     </span>
     <span class='ocr_line' id='line_1_13' title="bbox 339 1217 2190 1299; baseline 0.001 -23"><span class='ocrx_word' id='word_1_91' title='bbox 339 1217 575 1299; x_wconf 89' lang='lat' dir='ltr'>ubique,</span> <span class='ocrx_word' id='word_1_92' title='bbox 610 1217 901 1281; x_wconf 86' lang='lat' dir='ltr'>silentium</span> <span class='ocrx_word' id='word_1_93' title='bbox 934 1220 1152 1297; x_wconf 86' lang='lat' dir='ltr'>noctis;</span> <span class='ocrx_word' id='word_1_94' title='bbox 1188 1219 1394 1282; x_wconf 89' lang='lat' dir='ltr'>deinde</span> <span class='ocrx_word' id='word_1_95' title='bbox 1425 1219 1650 1282; x_wconf 89' lang='lat' dir='ltr'>concuti</span> <span class='ocrx_word' id='word_1_96' title='bbox 1684 1219 1927 1294; x_wconf 81' lang='lat' dir='ltr'>ferrum,</span> <span class='ocrx_word' id='word_1_97' title='bbox 1962 1217 2190 1279; x_wconf 85' lang='lat' dir='ltr'>vincula</span> 
     </span>
     <span class='ocr_line' id='line_1_14' title="bbox 341 1295 2186 1378; baseline -0.001 -21"><span class='ocrx_word' id='word_1_98' title='bbox 341 1296 555 1358; x_wconf 78' lang='lat' dir='ltr'>moveri</span> <span class='ocrx_word' id='word_1_99' title='bbox 587 1319 603 1361; x_wconf 89' lang='lat'>:</span> <span class='ocrx_word' id='word_1_100' title='bbox 628 1297 723 1360; x_wconf 89' lang='lat' dir='ltr'>ille</span> <span class='ocrx_word' id='word_1_101' title='bbox 742 1317 860 1360; x_wconf 89' lang='lat' dir='ltr'>non</span> <span class='ocrx_word' id='word_1_102' title='bbox 893 1299 1089 1360; x_wconf 87' lang='lat' dir='ltr'>tollere</span> <span class='ocrx_word' id='word_1_103' title='bbox 1108 1300 1325 1376; x_wconf 84' lang='lat' dir='ltr'>oculos,</span> <span class='ocrx_word' id='word_1_104' title='bbox 1359 1319 1474 1360; x_wconf 90' lang='lat' dir='ltr'>non</span> <span class='ocrx_word' id='word_1_105' title='bbox 1507 1298 1798 1360; x_wconf 86' lang='lat' dir='ltr'>remittere</span> <span class='ocrx_word' id='word_1_106' title='bbox 1831 1298 2065 1378; x_wconf 67' lang='lat' dir='ltr'>stylum,</span> <span class='ocrx_word' id='word_1_107' title='bbox 2094 1295 2186 1356; x_wconf 89' lang='lat' dir='ltr'>sed</span> 
     </span>
     <span class='ocr_line' id='line_1_15' title="bbox 339 1375 2190 1460; baseline -0.001 -23"><span class='ocrx_word' id='word_1_108' title='bbox 339 1375 641 1439; x_wconf 80' lang='lat' dir='ltr'>obfirmare</span> <span class='ocrx_word' id='word_1_109' title='bbox 667 1377 954 1453; x_wconf 89' lang='lat' dir='ltr'>animum,</span> <span class='ocrx_word' id='word_1_110' title='bbox 970 1378 1318 1460; x_wconf 81' lang='lat' dir='ltr'>auribusque</span> <span class='ocrx_word' id='word_1_111' title='bbox 1345 1377 1715 1460; x_wconf 81' lang='lat' dir='ltr'>praetendere⁷</span> <span class='ocrx_word' id='word_1_112' title='bbox 1742 1395 1758 1438; x_wconf 74' lang='grc' dir='ltr'><strong><em>ε</em></strong></span> <span class='ocrx_word' id='word_1_113' title='bbox 1784 1386 1910 1437; x_wconf 89' lang='lat' dir='ltr'>tum</span> <span class='ocrx_word' id='word_1_114' title='bbox 1931 1375 2190 1436; x_wconf 88' lang='lat' dir='ltr'>crebres-</span> 
     </span>
     <span class='ocr_line' id='line_1_16' title="bbox 339 1453 2194 1539; baseline 0.001 -24"><span class='ocrx_word' id='word_1_115' title='bbox 339 1475 465 1516; x_wconf 86' lang='lat' dir='ltr'>cere</span> <span class='ocrx_word' id='word_1_116' title='bbox 497 1457 711 1538; x_wconf 84' lang='lat' dir='ltr'>fragor,</span> <span class='ocrx_word' id='word_1_117' title='bbox 745 1455 1071 1534; x_wconf 85' lang='lat' dir='ltr'>adventare,</span> <span class='ocrx_word' id='word_1_118' title='bbox 1105 1457 1307 1539; x_wconf 80' lang='lat' dir='ltr'>etjam</span> <span class='ocrx_word' id='word_1_119' title='bbox 1340 1457 1494 1519; x_wconf 90' lang='lat' dir='ltr'>utin</span> <span class='ocrx_word' id='word_1_120' title='bbox 1528 1456 1751 1532; x_wconf 88' lang='lat' dir='ltr'>limine,</span> <span class='ocrx_word' id='word_1_121' title='bbox 1780 1457 1903 1537; x_wconf 80' lang='lat' dir='ltr'>jam</span> <span class='ocrx_word' id='word_1_122' title='bbox 1937 1464 2002 1515; x_wconf 88' lang='lat' dir='ltr'>ut</span> <span class='ocrx_word' id='word_1_123' title='bbox 2041 1453 2194 1516; x_wconf 89' lang='lat' dir='ltr'>intra</span> 
     </span>
     <span class='ocr_line' id='line_1_17' title="bbox 343 1533 2194 1617; baseline -0.001 -23"><span class='ocrx_word' id='word_1_124' title='bbox 343 1534 517 1597; x_wconf 82' lang='lat' dir='ltr'>limen</span> <span class='ocrx_word' id='word_1_125' title='bbox 536 1535 723 1597; x_wconf 88' lang='lat' dir='ltr'>audiri</span> <span class='ocrx_word' id='word_1_126' title='bbox 748 1557 765 1599; x_wconf 87' lang='lat'>:</span> <span class='ocrx_word' id='word_1_127' title='bbox 789 1536 1044 1616; x_wconf 86' lang='lat' dir='ltr'>respicit,</span> <span class='ocrx_word' id='word_1_128' title='bbox 1064 1537 1240 1613; x_wconf 85' lang='lat' dir='ltr'>videt,</span> <span class='ocrx_word' id='word_1_129' title='bbox 1255 1558 1291 1599; x_wconf 92' lang='lat' dir='ltr'>a</span> <span class='ocrx_word' id='word_1_130' title='bbox 1369 1535 1618 1617; x_wconf 90' lang='lat' dir='ltr'>oscitque</span> <span class='ocrx_word' id='word_1_131' title='bbox 1638 1544 1927 1597; x_wconf 82' lang='lat' dir='ltr'>narratam</span> <span class='ocrx_word' id='word_1_132' title='bbox 1944 1533 2049 1594; x_wconf 87' lang='lat' dir='ltr'>sibi</span> <span class='ocrx_word' id='word_1_133' title='bbox 2073 1534 2194 1594; x_wconf 84' lang='lat' dir='ltr'>effi-</span> 
     </span>
     <span class='ocr_line' id='line_1_18' title="bbox 339 1611 2195 1695; baseline -0.002 -20"><span class='ocrx_word' id='word_1_134' title='bbox 339 1612 514 1693; x_wconf 83' lang='lat' dir='ltr'>giem.</span> <span class='ocrx_word' id='word_1_135' title='bbox 559 1614 759 1675; x_wconf 84' lang='lat' dir='ltr'>Stabat</span> <span class='ocrx_word' id='word_1_136' title='bbox 769 1616 819 1688; x_wconf 80' lang='lat'>⁸,</span> <span class='ocrx_word' id='word_1_137' title='bbox 866 1614 1252 1695; x_wconf 85' lang='lat' dir='ltr'>innuebatque</span> <span class='ocrx_word' id='word_1_138' title='bbox 1339 1613 1502 1695; x_wconf 87' lang='lat' dir='ltr'>igit0,</span> <span class='ocrx_word' id='word_1_139' title='bbox 1546 1613 1752 1674; x_wconf 89' lang='lat' dir='ltr'>similis</span> <span class='ocrx_word' id='word_1_140' title='bbox 1784 1611 2004 1673; x_wconf 76' lang='lat' dir='ltr'>vocanti</span> <span class='ocrx_word' id='word_1_141' title='bbox 2044 1630 2060 1672; x_wconf 92' lang='lat'>:</span> <span class='ocrx_word' id='word_1_142' title='bbox 2097 1612 2195 1672; x_wconf 90' lang='lat' dir='ltr'>hic</span> 
     </span>
     <span class='ocr_line' id='line_1_19' title="bbox 342 1691 2194 1773; baseline -0.001 -21"><span class='ocrx_word' id='word_1_143' title='bbox 342 1700 564 1769; x_wconf 88' lang='lat' dir='ltr'>contra,</span> <span class='ocrx_word' id='word_1_144' title='bbox 583 1701 651 1755; x_wconf 89' lang='lat' dir='ltr'>ut</span> <span class='ocrx_word' id='word_1_145' title='bbox 672 1693 972 1773; x_wconf 88' lang='lat' dir='ltr'>paululum</span> <span class='ocrx_word' id='word_1_146' title='bbox 993 1699 1361 1772; x_wconf 81' lang='lat' dir='ltr'>exspectaret,</span> <span class='ocrx_word' id='word_1_147' title='bbox 1389 1713 1565 1754; x_wconf 86' lang='lat' dir='ltr'>manu</span> <span class='ocrx_word' id='word_1_148' title='bbox 1587 1691 1866 1772; x_wconf 87' lang='lat' dir='ltr'>significat</span> <span class='ocrx_word' id='word_1_149' title='bbox 1904 1707 1920 1750; x_wconf 73' lang='grc' dir='ltr'><strong><em>ε</em></strong></span> <span class='ocrx_word' id='word_1_150' title='bbox 1958 1711 2194 1751; x_wconf 86' lang='lat' dir='ltr'>rursus-</span> 
     </span>
     <span class='ocr_line' id='line_1_20' title="bbox 342 1768 2199 1853; baseline -0.001 -22"><span class='ocrx_word' id='word_1_151' title='bbox 342 1791 455 1852; x_wconf 90' lang='lat' dir='ltr'>que</span> <span class='ocrx_word' id='word_1_152' title='bbox 476 1770 621 1834; x_wconf 86' lang='lat' dir='ltr'>ceris</span> <span class='ocrx_word' id='word_1_153' title='bbox 653 1779 711 1833; x_wconf 92' lang='lat' dir='ltr'>et</span> <span class='ocrx_word' id='word_1_154' title='bbox 749 1773 893 1853; x_wconf 76' lang='lat' dir='ltr'>stylo</span> <span class='ocrx_word' id='word_1_155' title='bbox 934 1769 1217 1833; x_wconf 88' lang='lat' dir='ltr'>incumbit</span> <span class='ocrx_word' id='word_1_156' title='bbox 1260 1789 1278 1834; x_wconf 69' lang='grc' dir='ltr'><em>τ</em></span> <span class='ocrx_word' id='word_1_157' title='bbox 1323 1769 1422 1833; x_wconf 88' lang='lat' dir='ltr'>illa</span> <span class='ocrx_word' id='word_1_158' title='bbox 1459 1769 1756 1833; x_wconf 86' lang='lat' dir='ltr'>scribentis</span> <span class='ocrx_word' id='word_1_159' title='bbox 1789 1768 1957 1850; x_wconf 87' lang='lat' dir='ltr'>capiti</span> <span class='ocrx_word' id='word_1_160' title='bbox 1987 1768 2199 1830; x_wconf 86' lang='lat' dir='ltr'>catenis</span> 
     </span>
     <span class='ocr_line' id='line_1_21' title="bbox 341 1848 2194 1933; baseline -0.001 -23"><span class='ocrx_word' id='word_1_161' title='bbox 341 1850 640 1913; x_wconf 84' lang='lat' dir='ltr'>insonabat</span> <span class='ocrx_word' id='word_1_162' title='bbox 663 1869 680 1913; x_wconf 75' lang='lat' dir='ltr'><em>z</em></span> <span class='ocrx_word' id='word_1_163' title='bbox 704 1850 935 1932; x_wconf 87' lang='lat' dir='ltr'>respicit</span> <span class='ocrx_word' id='word_1_164' title='bbox 954 1871 1152 1912; x_wconf 89' lang='lat' dir='ltr'>rursus</span> <span class='ocrx_word' id='word_1_165' title='bbox 1171 1849 1328 1912; x_wconf 88' lang='lat' dir='ltr'>idem</span> <span class='ocrx_word' id='word_1_166' title='bbox 1347 1850 1500 1933; x_wconf 87' lang='lat' dir='ltr'>quod</span> <span class='ocrx_word' id='word_1_167' title='bbox 1554 1849 1673 1912; x_wconf 88' lang='lat' dir='ltr'>rius</span> <span class='ocrx_word' id='word_1_168' title='bbox 1694 1848 2031 1911; x_wconf 88' lang='lat' dir='ltr'>innuentem</span> <span class='ocrx_word' id='word_1_169' title='bbox 2043 1862 2065 1926; x_wconf 84' lang='lat'>3</span> <span class='ocrx_word' id='word_1_170' title='bbox 2089 1868 2194 1909; x_wconf 90' lang='lat' dir='ltr'>nec</span> 
     </span>
     <span class='ocr_line' id='line_1_22' title="bbox 345 1927 2196 2013; baseline -0.002 -23"><span class='ocrx_word' id='word_1_171' title='bbox 345 1938 597 1992; x_wconf 89' lang='lat' dir='ltr'>moratus</span> <span class='ocrx_word' id='word_1_172' title='bbox 636 1930 786 1993; x_wconf 87' lang='lat' dir='ltr'>tollit</span> <span class='ocrx_word' id='word_1_173' title='bbox 824 1931 1047 2007; x_wconf 87' lang='lat' dir='ltr'>lumen,</span> <span class='ocrx_word' id='word_1_174' title='bbox 1083 1939 1139 1992; x_wconf 89' lang='lat' dir='ltr'>et</span> <span class='ocrx_word' id='word_1_175' title='bbox 1180 1930 1458 2013; x_wconf 82' lang='lat' dir='ltr'>sequitur.</span> <span class='ocrx_word' id='word_1_176' title='bbox 1504 1933 1527 1991; x_wconf 92' lang='lat'>1</span> <span class='ocrx_word' id='word_1_177' title='bbox 1570 1939 1628 1992; x_wconf 90' lang='lat' dir='ltr'>at</span> <span class='ocrx_word' id='word_1_178' title='bbox 1666 1928 1764 1991; x_wconf 86' lang='lat' dir='ltr'>illa</span> <span class='ocrx_word' id='word_1_179' title='bbox 1806 1930 1957 1989; x_wconf 81' lang='lat' dir='ltr'>lento</span> <span class='ocrx_word' id='word_1_180' title='bbox 1993 1927 2196 2008; x_wconf 84' lang='lat' dir='ltr'>gradu,</span> 
     </span>
     <span class='ocr_line' id='line_1_23' title="bbox 345 2005 2197 2092; baseline -0.002 -22"><span class='ocrx_word' id='word_1_181' title='bbox 345 2008 505 2090; x_wconf 89' lang='lat' dir='ltr'>quasi</span> <span class='ocrx_word' id='word_1_182' title='bbox 528 2009 713 2090; x_wconf 81' lang='lat' dir='ltr'>gravis</span> <span class='ocrx_word' id='word_1_183' title='bbox 736 2009 981 2072; x_wconf 80' lang='lat' dir='ltr'>vinculis</span> <span class='ocrx_word' id='word_1_184' title='bbox 1005 2027 1022 2072; x_wconf 71' lang='grc' dir='ltr'><em>ε</em></span> <span class='ocrx_word' id='word_1_185' title='bbox 1048 2017 1350 2092; x_wconf 88' lang='lat' dir='ltr'>postquam</span> <span class='ocrx_word' id='word_1_186' title='bbox 1385 2008 1610 2072; x_wconf 83' lang='lat' dir='ltr'>deflexit</span> <span class='ocrx_word' id='word_1_187' title='bbox 1637 2007 1697 2069; x_wconf 88' lang='lat' dir='ltr'>in</span> <span class='ocrx_word' id='word_1_188' title='bbox 1718 2009 1945 2070; x_wconf 81' lang='lat' dir='ltr'>aream’</span> <span class='ocrx_word' id='word_1_189' title='bbox 1968 2005 2197 2083; x_wconf 91' lang='lat' dir='ltr'>domus,</span> 
     </span>
     <span class='ocr_line' id='line_1_24' title="bbox 345 2085 2199 2170; baseline 0.001 -23"><span class='ocrx_word' id='word_1_190' title='bbox 345 2097 577 2169; x_wconf 81' lang='lat' dir='ltr'>repente</span> <span class='ocrx_word' id='word_1_191' title='bbox 609 2088 825 2170; x_wconf 84' lang='lat' dir='ltr'>dilapsa</span> <span class='ocrx_word' id='word_1_192' title='bbox 856 2087 1064 2150; x_wconf 88' lang='lat' dir='ltr'>deserit</span> <span class='ocrx_word' id='word_1_193' title='bbox 1103 2089 1411 2167; x_wconf 82' lang='lat' dir='ltr'>comitem3</span> <span class='ocrx_word' id='word_1_194' title='bbox 1447 2089 1702 2152; x_wconf 89' lang='lat' dir='ltr'>desertus</span> <span class='ocrx_word' id='word_1_195' title='bbox 1736 2087 1940 2149; x_wconf 85' lang='lat' dir='ltr'>herbas</span> <span class='ocrx_word' id='word_1_196' title='bbox 1974 2095 2030 2148; x_wconf 91' lang='lat' dir='ltr'>et</span> <span class='ocrx_word' id='word_1_197' title='bbox 2048 2085 2199 2148; x_wconf 79' lang='lat' dir='ltr'>-folia</span> 
     </span>
     <span class='ocr_line' id='line_1_25' title="bbox 347 2166 2198 2250; baseline -0.001 -22"><span class='ocrx_word' id='word_1_198' title='bbox 347 2176 647 2249; x_wconf 86' lang='lat' dir='ltr'>concerpta</span> <span class='ocrx_word' id='word_1_199' title='bbox 659 2169 706 2208; x_wconf 83' lang='lat'>¹⁰</span> <span class='ocrx_word' id='word_1_200' title='bbox 724 2166 958 2249; x_wconf 84' lang='lat' dir='ltr'>signum</span> <span class='ocrx_word' id='word_1_201' title='bbox 988 2168 1111 2230; x_wconf 88' lang='lat' dir='ltr'>loco</span> <span class='ocrx_word' id='word_1_202' title='bbox 1131 2168 1313 2250; x_wconf 86' lang='lat' dir='ltr'>ponit.</span> <span class='ocrx_word' id='word_1_203' title='bbox 1352 2171 1581 2231; x_wconf 85' lang='lat' dir='ltr'>Postero</span> <span class='ocrx_word' id='word_1_204' title='bbox 1615 2167 1709 2230; x_wconf 92' lang='lat' dir='ltr'>die</span> <span class='ocrx_word' id='word_1_205' title='bbox 1741 2167 1860 2229; x_wconf 85' lang='lat' dir='ltr'>adit</span> <span class='ocrx_word' id='word_1_206' title='bbox 1892 2166 2198 2248; x_wconf 87' lang='lat' dir='ltr'>magistra-</span> 
     </span>
     <span class='ocr_line' id='line_1_26' title="bbox 349 2247 2199 2335; baseline 0.001 -29"><span class='ocrx_word' id='word_1_207' title='bbox 349 2255 463 2335; x_wconf 74' lang='lat' dir='ltr'>tus,</span> <span class='ocrx_word' id='word_1_208' title='bbox 489 2256 684 2311; x_wconf 91' lang='lat' dir='ltr'>monet</span> <span class='ocrx_word' id='word_1_209' title='bbox 702 2256 769 2310; x_wconf 90' lang='lat' dir='ltr'>ut</span> <span class='ocrx_word' id='word_1_210' title='bbox 801 2247 968 2309; x_wconf 88' lang='lat' dir='ltr'>illum</span> <span class='ocrx_word' id='word_1_211' title='bbox 989 2248 1180 2309; x_wconf 89' lang='lat' dir='ltr'>locum</span> <span class='ocrx_word' id='word_1_212' title='bbox 1200 2247 1367 2310; x_wconf 85' lang='lat' dir='ltr'>effodi</span> <span class='ocrx_word' id='word_1_213' title='bbox 1385 2248 1642 2330; x_wconf 86' lang='lat' dir='ltr'>jubeant.</span> <span class='ocrx_word' id='word_1_214' title='bbox 1676 2247 2050 2309; x_wconf 80' lang='lat' dir='ltr'>Inveniuntur</span> <span class='ocrx_word' id='word_1_215' title='bbox 2076 2266 2199 2307; x_wconf 85' lang='lat' dir='ltr'>ossa</span> 
     </span>
     <span class='ocr_line' id='line_1_27' title="bbox 348 2326 2196 2409; baseline 0.002 -26"><span class='ocrx_word' id='word_1_216' title='bbox 348 2334 558 2390; x_wconf 78' lang='lat' dir='ltr'>inserta</span> <span class='ocrx_word' id='word_1_217' title='bbox 576 2326 787 2389; x_wconf 87' lang='lat' dir='ltr'>catenis</span> <span class='ocrx_word' id='word_1_218' title='bbox 806 2336 863 2388; x_wconf 83' lang='lat' dir='ltr'>et</span> <span class='ocrx_word' id='word_1_219' title='bbox 883 2326 1186 2408; x_wconf 87' lang='lat' dir='ltr'>implicita,</span> <span class='ocrx_word' id='word_1_220' title='bbox 1208 2348 1334 2409; x_wconf 82' lang='lat' dir='ltr'>quae</span> <span class='ocrx_word' id='word_1_221' title='bbox 1356 2348 1560 2409; x_wconf 83' lang='lat' dir='ltr'>corpus</span> <span class='ocrx_word' id='word_1_222' title='bbox 1581 2348 1700 2390; x_wconf 82' lang='lat' dir='ltr'>aevo</span> <span class='ocrx_word' id='word_1_223' title='bbox 1721 2335 1982 2408; x_wconf 85' lang='lat' dir='ltr'>terraque</span> <span class='ocrx_word' id='word_1_224' title='bbox 2004 2333 2196 2407; x_wconf 88' lang='lat' dir='ltr'>putre-</span> 
     </span>
     <span class='ocr_line' id='line_1_28' title="bbox 351 2404 2201 2489; baseline 0.002 -27"><span class='ocrx_word' id='word_1_225' title='bbox 351 2404 564 2467; x_wconf 81' lang='lat' dir='ltr'>factum</span> <span class='ocrx_word' id='word_1_226' title='bbox 589 2406 747 2468; x_wconf 88' lang='lat' dir='ltr'>nuda</span> <span class='ocrx_word' id='word_1_227' title='bbox 779 2414 837 2469; x_wconf 89' lang='lat' dir='ltr'>et</span> <span class='ocrx_word' id='word_1_228' title='bbox 870 2425 1034 2468; x_wconf 85' lang='lat' dir='ltr'>exesa</span> <span class='ocrx_word' id='word_1_229' title='bbox 1052 2406 1359 2489; x_wconf 86' lang='lat' dir='ltr'>reliquerat</span> <span class='ocrx_word' id='word_1_230' title='bbox 1377 2406 1619 2468; x_wconf 79' lang='lat' dir='ltr'>vinculis</span> <span class='ocrx_word' id='word_1_231' title='bbox 1658 2427 1675 2470; x_wconf 71' lang='grc' dir='ltr'><strong>ε</strong></span> <span class='ocrx_word' id='word_1_232' title='bbox 1712 2407 1942 2467; x_wconf 87' lang='lat' dir='ltr'>collecta</span> <span class='ocrx_word' id='word_1_233' title='bbox 1978 2404 2201 2486; x_wconf 85' lang='lat' dir='ltr'>publice</span> 
     </span>
     <span class='ocr_line' id='line_1_29' title="bbox 348 2482 2196 2566; baseline -0.001 -23"><span class='ocrx_word' id='word_1_234' title='bbox 348 2484 738 2564; x_wconf 84' lang='lat' dir='ltr'>sepeliuntur:</span> <span class='ocrx_word' id='word_1_235' title='bbox 762 2485 968 2551; x_wconf 89' lang='lat' dir='ltr'>domus</span> <span class='ocrx_word' id='word_1_236' title='bbox 988 2493 1180 2566; x_wconf 88' lang='lat' dir='ltr'>postea</span> <span class='ocrx_word' id='word_1_237' title='bbox 1213 2485 1322 2547; x_wconf 90' lang='lat' dir='ltr'>rite</span> <span class='ocrx_word' id='word_1_238' title='bbox 1364 2485 1604 2548; x_wconf 88' lang='lat' dir='ltr'>conditis</span> <span class='ocrx_word' id='word_1_239' title='bbox 1621 2488 1666 2526; x_wconf 82' lang='lat'>¹¹</span> <span class='ocrx_word' id='word_1_240' title='bbox 1697 2485 1961 2547; x_wconf 86' lang='lat' dir='ltr'>manibus</span> <span class='ocrx_word' id='word_1_241' title='bbox 1995 2482 2196 2544; x_wconf 88' lang='lat' dir='ltr'>caruit.</span> 
     </span>
     <span class='ocr_line' id='line_1_30' title="bbox 346 2563 1073 2644; baseline 0.004 -22"><span class='ocrx_word' id='word_1_242' title='bbox 346 2563 524 2638; x_wconf 70' lang='lat' dir='ltr'>(Pun.</span> <span class='ocrx_word' id='word_1_243' title='bbox 550 2584 695 2642; x_wconf 64' lang='lat' dir='ltr'>sne„</span> <span class='ocrx_word' id='word_1_244' title='bbox 715 2585 814 2643; x_wconf 85' lang='lat' dir='ltr'>vn,</span> <span class='ocrx_word' id='word_1_245' title='bbox 835 2586 921 2644; x_wconf 81' lang='lat' dir='ltr'>ep.</span> <span class='ocrx_word' id='word_1_246' title='bbox 944 2566 1073 2644; x_wconf 75' lang='lat'><strong>27.)</strong></span> 
     </span>
    </p>
   </div>
   <div class='ocr_carea' id='block_1_3' title="bbox 349 2769 2204 3676">
    <p class='ocr_par' dir='ltr' id='par_1_3' title="bbox 349 2769 2204 3676">
     <span class='ocr_line' id='line_1_31' title="bbox 401 2769 2200 2828; baseline 0 -14"><span class='ocrx_word' id='word_1_247' title='bbox 401 2770 423 2803; x_wconf 76' lang='lat'>⁸</span> <span class='ocrx_word' id='word_1_248' title='bbox 454 2770 652 2828; x_wconf 65' lang='lat' dir='ltr'>Longior</span> <span class='ocrx_word' id='word_1_249' title='bbox 679 2772 825 2816; x_wconf 70' lang='lat' dir='ltr'>causis</span> <span class='ocrx_word' id='word_1_250' title='bbox 848 2773 981 2817; x_wconf 71' lang='lat' dir='ltr'>timor</span> <span class='ocrx_word' id='word_1_251' title='bbox 1011 2782 1133 2825; x_wconf 75' lang='lat' dir='ltr'>erat,</span> <span class='ocrx_word' id='word_1_252' title='bbox 1163 2783 1187 2809; x_wconf 71' lang='grc' dir='ltr'>ι</span> <span class='ocrx_word' id='word_1_253' title='bbox 1204 2773 1250 2816; x_wconf 85' lang='lat' dir='ltr'>la</span> <span class='ocrx_word' id='word_1_254' title='bbox 1303 2773 1445 2816; x_wconf 82' lang='lat' dir='ltr'>stiner</span> <span class='ocrx_word' id='word_1_255' title='bbox 1477 2771 1507 2816; x_wconf 71' lang='grc' dir='ltr'>ὸ,</span> <span class='ocrx_word' id='word_1_256' title='bbox 1537 2773 1621 2815; x_wconf 83' lang='lat' dir='ltr'>lire</span> <span class='ocrx_word' id='word_1_257' title='bbox 1673 2769 1703 2814; x_wconf 71' lang='grc' dir='ltr'>ὸ,</span> <span class='ocrx_word' id='word_1_258' title='bbox 1735 2769 1926 2814; x_wconf 70' lang='lat' dir='ltr'>mediter</span> <span class='ocrx_word' id='word_1_259' title='bbox 1957 2770 2123 2825; x_wconf 67' lang='lat' dir='ltr'>malgre</span> <span class='ocrx_word' id='word_1_260' title='bbox 2155 2772 2200 2814; x_wconf 83' lang='grc' dir='ltr'>1ο</span> 
     </span>
     <span class='ocr_line' id='line_1_32' title="bbox 350 2802 2203 2890; baseline 0.002 -25"><span class='ocrx_word' id='word_1_261' title='bbox 350 2825 519 2888; x_wconf 55' lang='grc' dir='ltr'>(πρίαμ)</span> <span class='ocrx_word' id='word_1_262' title='bbox 536 2826 747 2870; x_wconf 77' lang='lat' dir='ltr'>survivait</span> <span class='ocrx_word' id='word_1_263' title='bbox 779 2824 809 2869; x_wconf 71' lang='grc' dir='ltr'>ὁ,</span> <span class='ocrx_word' id='word_1_264' title='bbox 839 2828 887 2890; x_wconf 68' lang='lat' dir='ltr'>Ia</span> <span class='ocrx_word' id='word_1_265' title='bbox 902 2834 1034 2870; x_wconf 63' lang='lat' dir='ltr'>cause</span> <span class='ocrx_word' id='word_1_266' title='bbox 1051 2827 1129 2880; x_wconf 80' lang='lat' dir='ltr'>qui</span> <span class='ocrx_word' id='word_1_267' title='bbox 1152 2825 1252 2868; x_wconf 85' lang='lat' dir='ltr'>l’in-</span> <span class='ocrx_word' id='word_1_268' title='bbox 1303 2827 1438 2879; x_wconf 85' lang='lat' dir='ltr'>bruit,</span> <span class='ocrx_word' id='word_1_269' title='bbox 1456 2829 1611 2870; x_wconf 86' lang='lat' dir='ltr'>contre</span> <span class='ocrx_word' id='word_1_270' title='bbox 1625 2802 1671 2868; x_wconf 71' lang='lat' dir='ltr'>ie</span> <span class='ocrx_word' id='word_1_271' title='bbox 1688 2824 1822 2877; x_wconf 86' lang='lat' dir='ltr'>bruit,</span> <span class='ocrx_word' id='word_1_272' title='bbox 1852 2824 1974 2879; x_wconf 84' lang='lat' dir='ltr'>c&#39;est,</span> <span class='ocrx_word' id='word_1_273' title='bbox 2001 2835 2058 2867; x_wconf 82' lang='lat' dir='ltr'>en</span> <span class='ocrx_word' id='word_1_274' title='bbox 2078 2825 2203 2879; x_wconf 84' lang='lat' dir='ltr'>quel·</span> 
     </span>
     <span class='ocr_line' id='line_1_33' title="bbox 350 2876 2204 3023; baseline 0 -50"><span class='ocrx_word' id='word_1_275' title='bbox 350 2876 1014 3023; x_wconf 52' lang='lat' dir='ltr'>fstwm‘·2’1a¹¹su3¹t²f⁶22²ia‘1¹r⁶0</span> <span class='ocrx_word' id='word_1_276' title='bbox 1040 2878 1253 2994; x_wconf 63' lang='grc' dir='ltr'>ξξῒέἐξὶ</span> <span class='ocrx_word' id='word_1_277' title='bbox 1335 2884 1650 2975; x_wconf 54' lang='lat'>&amp;3232‘32’252</span> <span class='ocrx_word' id='word_1_278' title='bbox 1670 2879 2204 2982; x_wconf 56' lang='lat' dir='ltr'>2²}23‘1‘122,⁸3¹¹00ffi⁸3²2;</span> 
     </span>
     <span class='ocr_line' id='line_1_34' title="bbox 368 2980 2203 3054; baseline 0.001 -30"><span class='ocrx_word' id='word_1_279' title='bbox 368 2994 417 3024; x_wconf 85' lang='lat' dir='ltr'>es</span> <span class='ocrx_word' id='word_1_280' title='bbox 433 2980 594 3027; x_wconf 76' lang='lat' dir='ltr'>beares</span> <span class='ocrx_word' id='word_1_281' title='bbox 614 2995 700 3038; x_wconf 79' lang='lat' dir='ltr'>que</span> <span class='ocrx_word' id='word_1_282' title='bbox 716 2985 761 3048; x_wconf 66' lang='lat'>19</span> <span class='ocrx_word' id='word_1_283' title='bbox 786 2983 983 3028; x_wconf 71' lang='lat' dir='ltr'>fanwme</span> <span class='ocrx_word' id='word_1_284' title='bbox 1000 2983 1253 3027; x_wconf 62' lang='lat' dir='ltr'>choisissmt</span> <span class='ocrx_word' id='word_1_285' title='bbox 1303 2990 1397 3054; x_wconf 74' lang='lat' dir='ltr'>met</span> <span class='ocrx_word' id='word_1_286' title='bbox 1421 2997 1472 3028; x_wconf 80' lang='lat' dir='ltr'>sa</span> <span class='ocrx_word' id='word_1_287' title='bbox 1493 2985 1611 3028; x_wconf 83' lang='lat' dir='ltr'>main</span> <span class='ocrx_word' id='word_1_288' title='bbox 1644 2984 1809 3027; x_wconf 79' lang='lat' dir='ltr'>(levant</span> <span class='ocrx_word' id='word_1_289' title='bbox 1837 2995 1910 3026; x_wconf 79' lang='lat' dir='ltr'>ses</span> <span class='ocrx_word' id='word_1_290' title='bbox 1938 2995 2055 3038; x_wconf 79' lang='lat' dir='ltr'>yeux</span> <span class='ocrx_word' id='word_1_291' title='bbox 2090 2995 2203 3038; x_wconf 84' lang='lat' dir='ltr'>pour</span> 
     </span>
     <span class='ocr_line' id='line_1_35' title="bbox 382 3036 2104 3156; baseline 0.001 -26"><span class='ocrx_word' id='word_1_292' title='bbox 382 3047 463 3131; x_wconf 62' lang='lat' dir='ltr'>a</span> <span class='ocrx_word' id='word_1_293' title='bbox 475 3037 1253 3154; x_wconf 46' lang='lat' dir='ltr'>erasmianam&amp;</span> <span class='ocrx_word' id='word_1_294' title='bbox 1305 3049 1411 3154; x_wconf 56' lang='lat' dir='ltr'>{zm</span> <span class='ocrx_word' id='word_1_295' title='bbox 1443 3036 1839 3156; x_wconf 44' lang='lat' dir='ltr'>tessaram</span> <span class='ocrx_word' id='word_1_296' title='bbox 1855 3101 1909 3133; x_wconf 51' lang='grc' dir='ltr'>α,</span> <span class='ocrx_word' id='word_1_297' title='bbox 1925 3088 2104 3132; x_wconf 49' lang='lat' dir='ltr'>aba„</span> 
     </span>
     <span class='ocr_line' id='line_1_36' title="bbox 349 3141 2201 3258; baseline -0.001 -21"><span class='ocrx_word' id='word_1_298' title='bbox 349 3141 985 3258; x_wconf 54' lang='grc' dir='ltr'>ΨέἛῗΣῶἏῗῩῗῖξζὲἳὲἳ.</span> <span class='ocrx_word' id='word_1_299' title='bbox 1014 3211 1038 3236; x_wconf 78' lang='lat'>,</span> <span class='ocrx_word' id='word_1_300' title='bbox 1303 3144 1689 3252; x_wconf 46' lang='grc' dir='ltr'>Μιθῶἶῗῗέὅῖἑ·</span> <span class='ocrx_word' id='word_1_301' title='bbox 1705 3205 1879 3248; x_wconf 66' lang='lat' dir='ltr'>amm,</span> <span class='ocrx_word' id='word_1_302' title='bbox 1915 3207 1937 3231; x_wconf 78' lang='lat'>‹</span> <span class='ocrx_word' id='word_1_303' title='bbox 1968 3195 2003 3238; x_wconf 74' lang='lat' dir='ltr'>n</span> <span class='ocrx_word' id='word_1_304' title='bbox 2036 3207 2085 3238; x_wconf 53' lang='grc' dir='ltr'>ΒΘ</span> <span class='ocrx_word' id='word_1_305' title='bbox 2122 3192 2201 3236; x_wconf 59' lang='grc' dir='ltr'>αό-</span> 
     </span>
     <span class='ocr_line' id='line_1_37' title="bbox 407 3243 1878 3303; baseline -0.001 -12"><span class='ocrx_word' id='word_1_306' title='bbox 407 3243 429 3278; x_wconf 80' lang='lat'><strong>⁶</strong></span> <span class='ocrx_word' id='word_1_307' title='bbox 457 3247 609 3292; x_wconf 74' lang='lat' dir='ltr'>Sterni</span> <span class='ocrx_word' id='word_1_308' title='bbox 645 3246 734 3292; x_wconf 71' lang='lat' dir='ltr'>nbi</span> <span class='ocrx_word' id='word_1_309' title='bbox 767 3248 923 3303; x_wconf 62' lang='lat' dir='ltr'>jubet.</span> <span class='ocrx_word' id='word_1_310' title='bbox 958 3260 982 3286; x_wconf 72' lang='grc' dir='ltr'>ι</span> <span class='ocrx_word' id='word_1_311' title='bbox 1018 3250 1054 3292; x_wconf 82' lang='lat' dir='ltr'>il</span> <span class='ocrx_word' id='word_1_312' title='bbox 1085 3261 1136 3292; x_wconf 84' lang='lat' dir='ltr'>se</span> <span class='ocrx_word' id='word_1_313' title='bbox 1171 3249 1252 3292; x_wconf 77' lang='lat' dir='ltr'>fait</span> <span class='ocrx_word' id='word_1_314' title='bbox 1303 3254 1465 3294; x_wconf 82' lang='lat' dir='ltr'>tourna</span> <span class='ocrx_word' id='word_1_315' title='bbox 1495 3262 1595 3294; x_wconf 84' lang='lat' dir='ltr'>vers</span> <span class='ocrx_word' id='word_1_316' title='bbox 1628 3249 1675 3290; x_wconf 80' lang='lat' dir='ltr'>la</span> <span class='ocrx_word' id='word_1_317' title='bbox 1706 3260 1824 3291; x_wconf 87' lang='lat' dir='ltr'>cour.</span> <span class='ocrx_word' id='word_1_318' title='bbox 1855 3263 1878 3288; x_wconf 82' lang='lat'>›</span> 
     </span>
     <span class='ocr_line' id='line_1_38' title="bbox 351 3298 2198 3358; baseline 0 -16"><span class='ocrx_word' id='word_1_319' title='bbox 351 3299 529 3345; x_wconf 82' lang='lat' dir='ltr'>dresser</span> <span class='ocrx_word' id='word_1_320' title='bbox 542 3314 604 3345; x_wconf 90' lang='lat' dir='ltr'>un</span> <span class='ocrx_word' id='word_1_321' title='bbox 621 3302 675 3344; x_wconf 82' lang='lat' dir='ltr'>lit</span> <span class='ocrx_word' id='word_1_322' title='bbox 709 3317 733 3342; x_wconf 82' lang='lat'><strong>»</strong></span> <span class='ocrx_word' id='word_1_323' title='bbox 767 3302 913 3345; x_wconf 81' lang='lat' dir='ltr'>moins</span> <span class='ocrx_word' id='word_1_324' title='bbox 941 3312 1053 3355; x_wconf 79' lang='lat' dir='ltr'>pour</span> <span class='ocrx_word' id='word_1_325' title='bbox 1087 3302 1252 3347; x_wconf 77' lang='lat' dir='ltr'>dor-mir</span> <span class='ocrx_word' id='word_1_326' title='bbox 1356 3303 1404 3337; x_wconf 83' lang='lat'>1⁰</span> <span class='ocrx_word' id='word_1_327' title='bbox 1432 3303 1690 3358; x_wconf 63' lang='lat' dir='ltr'>Concu-pta,</span> <span class='ocrx_word' id='word_1_328' title='bbox 1720 3312 1744 3338; x_wconf 71' lang='grc' dir='ltr'>ι</span> <span class='ocrx_word' id='word_1_329' title='bbox 1761 3298 1992 3345; x_wconf 71' lang='lat' dir='ltr'>arrachees</span> <span class='ocrx_word' id='word_1_330' title='bbox 2012 3298 2040 3343; x_wconf 78' lang='grc' dir='ltr'>ὲ,</span> <span class='ocrx_word' id='word_1_331' title='bbox 2056 3300 2198 3342; x_wconf 82' lang='lat' dir='ltr'>droite</span> 
     </span>
     <span class='ocr_line' id='line_1_39' title="bbox 351 3331 1717 3418; baseline 0.001 -24"><span class='ocrx_word' id='word_1_332' title='bbox 351 3363 437 3416; x_wconf 65' lang='lat' dir='ltr'>qne</span> <span class='ocrx_word' id='word_1_333' title='bbox 454 3366 566 3407; x_wconf 84' lang='lat' dir='ltr'>pour</span> <span class='ocrx_word' id='word_1_334' title='bbox 580 3331 769 3400; x_wconf 53' lang='lat' dir='ltr'>audiet.</span> <span class='ocrx_word' id='word_1_335' title='bbox 787 3354 877 3399; x_wconf 86' lang='lat' dir='ltr'>Les</span> <span class='ocrx_word' id='word_1_336' title='bbox 892 3356 1077 3398; x_wconf 65' lang='lat' dir='ltr'>enciens</span> <span class='ocrx_word' id='word_1_337' title='bbox 1093 3366 1143 3398; x_wconf 84' lang='lat' dir='ltr'>se</span> <span class='ocrx_word' id='word_1_338' title='bbox 1158 3367 1251 3398; x_wconf 87' lang='lat' dir='ltr'>ser-</span> <span class='ocrx_word' id='word_1_339' title='bbox 1305 3360 1353 3400; x_wconf 85' lang='lat' dir='ltr'>et</span> <span class='ocrx_word' id='word_1_340' title='bbox 1367 3354 1396 3399; x_wconf 77' lang='grc' dir='ltr'>ὲ.</span> <span class='ocrx_word' id='word_1_341' title='bbox 1446 3356 1600 3418; x_wconf 77' lang='lat' dir='ltr'>auehe.</span> <span class='ocrx_word' id='word_1_342' title='bbox 1619 3371 1642 3394; x_wconf 83' lang='lat'><strong>»</strong></span> <span class='ocrx_word' id='word_1_343' title='bbox 1673 3406 1683 3416; x_wconf 31' lang='lat'><strong>⁶</strong></span> <span class='ocrx_word' id='word_1_344' title='bbox 1707 3405 1717 3417; x_wconf 28' lang='grc' dir='ltr'>ι</span> 
     </span>
     <span class='ocr_line' id='line_1_40' title="bbox 352 3405 2200 3462; baseline 0 -16"><span class='ocrx_word' id='word_1_345' title='bbox 352 3413 504 3449; x_wconf 66' lang='lat' dir='ltr'>vatent</span> <span class='ocrx_word' id='word_1_346' title='bbox 519 3409 575 3451; x_wconf 87' lang='lat' dir='ltr'>de</span> <span class='ocrx_word' id='word_1_347' title='bbox 593 3409 686 3462; x_wconf 81' lang='lat' dir='ltr'>lits,</span> <span class='ocrx_word' id='word_1_348' title='bbox 708 3420 879 3452; x_wconf 71' lang='lat' dir='ltr'>nomme</span> <span class='ocrx_word' id='word_1_349' title='bbox 893 3419 1009 3450; x_wconf 75' lang='lat' dir='ltr'>nous</span> <span class='ocrx_word' id='word_1_350' title='bbox 1028 3418 1142 3450; x_wconf 85' lang='lat' dir='ltr'>nous</span> <span class='ocrx_word' id='word_1_351' title='bbox 1160 3419 1253 3450; x_wconf 80' lang='lat' dir='ltr'>ser-</span> <span class='ocrx_word' id='word_1_352' title='bbox 1360 3408 1403 3442; x_wconf 84' lang='lat'>11</span> <span class='ocrx_word' id='word_1_353' title='bbox 1473 3406 1528 3451; x_wconf 75' lang='grc' dir='ltr'>ιίὲ</span> <span class='ocrx_word' id='word_1_354' title='bbox 1551 3406 1741 3451; x_wconf 67' lang='lat' dir='ltr'>condam</span> <span class='ocrx_word' id='word_1_355' title='bbox 1765 3405 1978 3450; x_wconf 75' lang='lat' dir='ltr'>manibus.</span> <span class='ocrx_word' id='word_1_356' title='bbox 2007 3405 2094 3447; x_wconf 87' lang='lat' dir='ltr'>Les</span> <span class='ocrx_word' id='word_1_357' title='bbox 2121 3415 2200 3454; x_wconf 63' lang='grc' dir='ltr'>αυτ</span> 
     </span>
     <span class='ocr_line' id='line_1_41' title="bbox 351 3457 2200 3525; baseline -0.001 -26"><span class='ocrx_word' id='word_1_358' title='bbox 351 3470 462 3502; x_wconf 81' lang='lat' dir='ltr'>vons</span> <span class='ocrx_word' id='word_1_359' title='bbox 480 3460 537 3503; x_wconf 86' lang='lat' dir='ltr'>de</span> <span class='ocrx_word' id='word_1_360' title='bbox 552 3472 637 3504; x_wconf 84' lang='lat' dir='ltr'>nos</span> <span class='ocrx_word' id='word_1_361' title='bbox 653 3461 859 3521; x_wconf 59' lang='lat' dir='ltr'>canapis.</span> <span class='ocrx_word' id='word_1_362' title='bbox 880 3457 957 3504; x_wconf 76' lang='lat' dir='ltr'>(V.</span> <span class='ocrx_word' id='word_1_363' title='bbox 984 3458 1248 3520; x_wconf 71' lang='lat' dir='ltr'>Quintilian,</span> <span class='ocrx_word' id='word_1_364' title='bbox 1304 3463 1428 3525; x_wconf 67' lang='lat' dir='ltr'>ciens</span> <span class='ocrx_word' id='word_1_365' title='bbox 1442 3462 1673 3515; x_wconf 78' lang='lat' dir='ltr'>croyaient</span> <span class='ocrx_word' id='word_1_366' title='bbox 1681 3459 1806 3513; x_wconf 88' lang='lat' dir='ltr'>qu’en</span> <span class='ocrx_word' id='word_1_367' title='bbox 1818 3459 2079 3502; x_wconf 79' lang='lat' dir='ltr'>recueillant</span> <span class='ocrx_word' id='word_1_368' title='bbox 2094 3467 2200 3498; x_wconf 76' lang='lat' dir='ltr'>avec</span> 
     </span>
     <span class='ocr_line' id='line_1_42' title="bbox 352 3511 2200 3624; baseline -0.006 -16"><span class='ocrx_word' id='word_1_369' title='bbox 352 3512 457 3598; x_wconf 67' lang='lat'><strong>¹⁹⁷3’</strong></span> <span class='ocrx_word' id='word_1_370' title='bbox 474 3512 677 3609; x_wconf 53' lang='grc' dir='ltr'>Ξαῗέῗὶἒε</span> <span class='ocrx_word' id='word_1_371' title='bbox 715 3565 996 3624; x_wconf 63' lang='lat' dir='ltr'>pretendere</span> <span class='ocrx_word' id='word_1_372' title='bbox 1029 3563 1240 3610; x_wconf 71' lang='lat' dir='ltr'>animum.</span> <span class='ocrx_word' id='word_1_373' title='bbox 1301 3514 1860 3616; x_wconf 49' lang='lat' dir='ltr'>gqugipqulffisasggxeggs</span> <span class='ocrx_word' id='word_1_374' title='bbox 1874 3511 2200 3603; x_wconf 51' lang='grc' dir='ltr'>(ξέιὲῗῖιῗᾶιιῖξ</span> 
     </span>
     <span class='ocr_line' id='line_1_43' title="bbox 353 3606 2125 3676; baseline -0.001 -18"><span class='ocrx_word' id='word_1_375' title='bbox 353 3614 619 3670; x_wconf 76' lang='lat' dir='ltr'>Expression</span> <span class='ocrx_word' id='word_1_376' title='bbox 635 3618 875 3676; x_wconf 64' lang='lat' dir='ltr'>energique</span> <span class='ocrx_word' id='word_1_377' title='bbox 893 3624 940 3662; x_wconf 84' lang='lat' dir='ltr'>et</span> <span class='ocrx_word' id='word_1_378' title='bbox 947 3621 1071 3674; x_wconf 77' lang='lat' dir='ltr'>juste</span> <span class='ocrx_word' id='word_1_379' title='bbox 1091 3631 1103 3643; x_wconf 94' lang='lat'><strong>·</strong></span> <span class='ocrx_word' id='word_1_380' title='bbox 1130 3618 1246 3663; x_wconf 78' lang='lat' dir='ltr'>s&#39;ob-</span> <span class='ocrx_word' id='word_1_381' title='bbox 1300 3621 1453 3664; x_wconf 67' lang='lat' dir='ltr'>manes</span> <span class='ocrx_word' id='word_1_382' title='bbox 1470 3629 1526 3660; x_wconf 85' lang='lat' dir='ltr'>en</span> <span class='ocrx_word' id='word_1_383' title='bbox 1546 3628 1689 3671; x_wconf 80' lang='lat' dir='ltr'>repes.</span> <span class='ocrx_word' id='word_1_384' title='bbox 2084 3606 2125 3641; x_wconf 62' lang='grc' dir='ltr'><em>Ψ</em></span> 
     </span>
    </p>
   </div>
  </div>
 </body>
</html>
