2525 3984
1006 113 1578 176 NARRATIONES.
2110 119 2230 182 163

366 270 491 324 erat
510 265 925 340 pugnandum3
953 279 1133 336 quum
1159 263 1245 320 illi
1270 269 1373 320 aut
1402 278 1469 320 ex
1501 263 1684 334 arido,
1710 269 1813 322 aut
1836 265 2142 335 paululum
2163 267 2225 324 in

366 363 579 417 aquam
606 345 910 419 progressi,
940 344 1209 403 omnibus
1237 344 1518 404 membris
1546 345 1799 417 expediti
1820 345 1885 416 ¹⁷,
1917 347 2229 406 notissimis

366 426 507 483 locis
537 427 808 483 audacter
839 424 951 482 tela
976 425 1351 494 conjicerent,
1371 428 1429 481 et
1457 438 1634 496 equos
1661 424 2004 483 insuefactos
2029 425 2236 484 “inci-

369 509 579 562 tarent.
612 505 831 571 Quibus
852 505 1030 562 rebus
1058 504 1235 561 nostri
1258 504 1575 577 perterriti,
1599 507 1774 575 atque
1795 503 1971 576 hujus
1991 507 2232 562 omnino

350 584 597 658 generis
616 600 826 658 pugnae
842 584 1101 658 imperiti
1116 600 1234 642 non
1261 598 1462 642 omnes
1478 584 1684 641 eadem
1703 584 1998 643 alacritate
2026 601 2094 642 ac
2113 590 2235 642 stu-

366 669 483 737 dio,
500 682 615 738 quo
645 669 709 722 in
724 666 1090 740 pedestribus
1103 665 1191 723 uti
1204 666 1422 738 proeliis
1442 666 2232 737 consueverantmtebantur.

437 747 599 814 Quod
628 747 731 804 ubi
760 749 951 804 Caesar
975 745 1411 816 animadvertit,
1441 761 1614 803 naves
1649 746 1870 817 longas,
1897 761 2148 817 quarum
2175 751 2233 803 et

366 826 585 900 species
609 831 732 883 erat
758 825 1022 884 barbaris
1048 825 1378 883 inusitatior
1400 825 1468 896 ¹⁹,
1489 829 1548 883 et
1569 831 1760 884 motus
1785 827 1858 883 ad
1879 841 2052 884 usum
2070 831 2238 898 expe-

369 909 546 964 ditior
566 905 636 977 ²⁰,
662 904 971 978 paululum
987 903 1274 963 removeri
1292 905 1366 963 ab
1387 905 1670 963 onerariis
1689 905 1952 976 navibus,
1970 910 2028 964 et
2056 907 2235 963 remis

369 986 624 1056 incitari,
656 989 715 1044 et
742 987 815 1043 ad
855 985 1004 1042 latus
1044 988 1316 1059 apertum
1354 985 1612 1043 hostium
1640 985 1706 1055 ¹¹,
1733 986 2025 1056 constitui,
2053 993 2229 1057 atque

373 1065 512 1124 inde
542 1065 756 1135 fundis,
787 1065 1089 1122 tormentis
1115 1064 1182 1136 ¹¹,
1210 1063 1428 1136 sagittis
1467 1064 1664 1123 hostes
1703 1065 1950 1137 propelli
1993 1081 2062 1122 ac
2099 1067 2236 1123 sub·

372 1145 591 1205 moveri
626 1147 793 1216 iussit
833 1161 849 1202 ε
890 1160 1019 1217 quae
1052 1160 1147 1202 res
1182 1159 1394 1214 magno
1438 1144 1571 1201 usui
1615 1144 1819 1206 nostris
1846 1143 1973 1201 fuit.
2003 1145 2150 1203 Nam
2179 1151 2238 1203 et

372 1225 609 1282 navium
633 1224 842 1296 figura,
872 1231 931 1282 et
954 1239 1256 1282 remorum
1283 1228 1472 1293 motu,
1497 1227 1555 1280 et
1580 1224 1858 1290 inusitato
1890 1239 2102 1296 genere
2126 1229 2242 1282 tor·

372 1309 704 1364 mentorum
734 1306 985 1380 permoti
1012 1304 1246 1363 barbari
1270 1303 1683 1373 constiterunt,
1701 1319 1768 1360 ac
1793 1304 2037 1377 paulum
2059 1303 2232 1361 modo
2261 1348 2267 1353 .

372 1385 585 1458 pedem
610 1386 958 1443 retulerunt.
982 1386 1055 1442 At
1078 1384 1286 1442 nostris
1304 1382 1586 1441 militibus
1606 1384 2034 1453 cunctantibus,
2053 1385 2243 1440 maxi·

372 1480 471 1522 me
488 1468 720 1538 propter
740 1465 1110 1523 altitudinem
1126 1465 1324 1533 maris,
1338 1463 1438 1535 qui
1459 1463 1701 1520 decimae
1713 1462 1956 1534 legionis
1969 1463 2229 1536 aquilam

378 1545 618 1616 ferebat,
633 1550 979 1602 contestatus
995 1547 1157 1616 Deos,
1170 1550 1236 1602 ut
1256 1559 1324 1601 ea
1347 1543 1663 1613 reslegioni
1682 1542 1922 1600 feliciter
1940 1543 2197 1600 eveniret
2215 1562 2233 1599 z

382 1643 413 1680 a
444 1625 697 1694 Desilite,
709 1625 921 1696 inquit,
936 1625 1375 1693 commilitones,
1389 1623 1497 1679 nisi
1514 1621 1684 1680 vultis
1700 1621 1958 1693 aquilam
1975 1622 2236 1679 hostibus

374 1705 642 1776 prodere.
655 1706 771 1775 Ego
792 1709 949 1762 certe
964 1719 1161 1761 meum
1178 1702 1533 1774 Reipublicae
1552 1706 1726 1773 atque
1749 1702 2090 1774 Imperatori
2119 1701 2241 1758 offi-

376 1785 535 1842 cium
566 1785 901 1856 praestitero.
930 1804 960 1838 ι
1001 1786 1117 1842 Hoc
1154 1798 1341 1854 quum
1376 1797 1588 1853 magna
1611 1796 1751 1840 voce
1785 1783 2036 1852 dixisset,
2067 1797 2128 1840 se
2168 1797 2238 1838 ex

376 1867 508 1920 navi
540 1865 800 1937 projecit,
831 1866 1005 1934 atque
1027 1865 1105 1944 ¹in
1144 1864 1339 1920 hostes
1372 1862 1628 1934 aquilam
1673 1862 1825 1921 ferre
1863 1862 2058 1934 coepit.
2091 1863 2238 1918 Tum

376 1946 557 2002 nostri
582 1944 866 2002 cohortati
890 1945 1044 2002 inter
1064 1959 1145 2015 se,
1170 1959 1247 1998 ne
1277 1945 1503 2000 tantum
1527 1941 1774 2000 dedecus
1801 1943 2228 2013 admitteretur,

382 2023 636 2080 universi
678 2041 746 2080 ex
782 2025 916 2080 navi
968 2023 1366 2092 desiluerunt3
1409 2020 1514 2078 hos
1548 2023 1692 2080 item
1729 2023 1828 2080 alli
1867 2038 1935 2080 ex
1962 2023 2235 2095 proximis

384 2102 583 2175 primis
605 2103 846 2158 navibus
867 2117 1051 2174 quum
1077 2101 1519 2174 conspexissent,
1544 2102 1839 2160 subsecuti
1863 2101 2124 2160 hostibus
2142 2117 2242 2174 ap·

380 2183 873 2255 propinquarunt.
902 2202 933 2234 »ι

468 2266 792 2346 Pugnatum
833 2272 918 2324 cst
952 2263 1024 2324 ab
1060 2262 1314 2343 utrisque
1341 2262 1546 2323 acriter
1583 2277 1599 2321 ε
1641 2263 1817 2320 nostri
1859 2266 2049 2318 tamen
2085 2257 2234 2336 quod

385 2364 568 2425 neque
602 2342 828 2404 ordines
840 2343 889 2380 ²⁸
936 2362 1181 2416 servare,
1224 2361 1407 2421 neque
1447 2338 1690 2399 firmiter
1734 2335 2014 2412 insistere,
2053 2354 2236 2414 neque

387 2422 547 2502 signa
574 2419 837 2501 subsequi
872 2420 1164 2500 poterant,
1192 2427 1360 2500 atquc
1400 2417 1542 2480 alius
1576 2415 1684 2478 alia
1709 2437 1776 2478 ex
1801 2414 1928 2478 navi
1946 2460 1968 2491 ,
1993 2412 2229 2496 quibus-

388 2521 523 2561 cum
565 2520 635 2559 uc
658 2498 831 2580 signis
852 2507 1209 2575 occurrerat,
1232 2519 1292 2560 se
1325 2496 1698 2588 aggregabat,
1733 2512 2238 2582 magnopere-per-

391 2579 555 2640 turba
596 2586 784 2640 antur.
813 2580 1013 2639 Hostes
1025 2577 1347 2654 vero‚notis
1372 2577 1639 2638 omnibus
1651 2573 1832 2650 vadis,
1846 2573 1944 2634 ubi
1967 2593 2034 2634 ex
2053 2573 2240 2635 littore

388 2656 603 2750 aliquos
627 2657 939 2748 singulares
952 2658 999 2693 ’⁸
1020 2677 1087 2719 ex
1105 2657 1290 2718 navic
1359 2654 1606 2718 edientes
1634 2660 2056 2734 conspexerant,
2086 2649 2238 2712 inci·-

391 2745 517 2799 tatis
538 2737 696 2820 equis
716 2735 1021 2816 impeditos
1034 2737 1081 2772 ²⁸
1104 2735 1296 2797 adorie
1337 2743 1506 2795 antur
1523 2749 1539 2794 τ
1558 2734 1748 2814 plures
1769 2751 1973 2813 paucos
1995 2731 2239 2790 circum·

444 2917 487 2951 ¹⁷
518 2914 950 2961 Omnibmmembris
964 2913 1178 2970 expediti.
1194 2912 1287 2958 Les
1394 2912 1439 2948 ²¹
1484 2912 1563 2958 Aa
1609 2912 1730 2957 latus
1773 2918 1971 2970 ape-:utrm
2019 2912 2204 2954 sat-:stim

391 2969 580 3012 Bretons
598 2983 656 3012 ne
704 2971 899 3013 ortaient
920 2981 1001 3024 pas
1018 2970 1075 3012 de
1093 2969 1288 3022 bagages
1343 2981 1366 3004 ι
1383 2979 1482 3012 vers
1499 2967 1708 3010 l‘endroit
1736 2965 1796 3010 οὺ
1817 2966 2023 3010 l'eunnnu'
2049 2982 2095 3006 se
2115 2982 2236 3006 mun-

392 3023 649 3065 commetes
708 3023 897 3066 omains.
1341 3022 1448 3063 trait
1472 3019 1501 3064 a
1528 3019 1818 3063 decouvert.›
1847 3019 1947 3062 Une
1983 3022 2116 3074 [istite
2159 3022 2236 3062 dor-2.

446 3073 491 3107 1⁸
520 3073 811 3126 Insuefactoa,
848 3085 1018 3120 commo
1055 3070 1291 3129 annesae·
1339 3071 1532 3116 Brctons
1549 3071 1659 3116 etait
1689 3085 1794 3116 sans
1815 3073 1947 3116 doute
1975 3074 2135 3114 caelica
2163 3086 2240 3126 par

386 3130 475 3185 βω.
646 3177 656 3187 ,
1341 3127 1410 3170 les
1432 3123 1672 3180 inegalites
1694 3127 1754 3168 du
1770 3126 1947 3169 terrain.

447 3180 491 3215 ¹⁹
520 3179 809 3224 Inwtatior.
829 3180 919 3224 Les
942 3179 1134 3224 Bretons
1160 3192 1219 3223 ne
1236 3191 1288 3222 se
1401 3178 1446 3210 ²²
1478 3178 1742 3226 Tormentis,
1759 3178 2019 3222 ‹maci-sines
2039 3182 2091 3218 ds*
2115 3190 2236 3230 gnam

392 3230 1095 3287 servaientquedebatimentsde
1109 3235 1291 3288 charge.
1341 3243 1440 3284 re,·
1471 3231 1674 3284 balistcs,
1703 3232 1943 3285 scot-pians.
1991 3234 2119 3282 ffl'ugf.
2155 3230 2236 3270 'sea

444 3286 491 3320 2⁰
518 3285 676 3330 Motus
725 3283 785 3327 ad
824 3297 951 3328 usum
1004 3285 1290 3342 expeditior,
1343 3283 1466 3338 gece,
1486 3296 1549 3335 iv,
1567 3283 1652 3334 22).

396 3351 417 3376 ι
437 3341 538 3393 plus
566 3339 722 3382 faciles
751 3336 780 3381 a
810 3349 1102 3383 manoeuvrer.
1123 3353 1145 3377 ι
1171 3337 1290 3383 G'est
1395 3335 1442 3369 23
1473 3335 1660 3381 Ordines
1679 3347 1875 3386 servare,
1899 3350 1915 3374 ι
1939 3334 2091 3386 gur-1011
2119 3338 2232 3374 leurs

395 3404 483 3435 une
521 3390 735 3436 ve'ritable
772 3391 1009 3446 hypallage
1040 3403 1151 3447 pour
1183 3402 1290 3434 usuc
1341 3401 1420 3432 ran
1455 3400 1490 3432 s.
1512 3402 1534 3428 »

397 3443 673 3488 ad‘moiume
738 3443 913 3493 editior,
931 3456 1100 3489 comme
1118 3443 1290 3496 ,Virgile
1396 3441 1418 3473 ²
1469 3440 1664 3498 Aliquos
1691 3439 1959 3497 singulare-x,
1987 3458 1995 3474 ι
2031 3442 2232 3490 quotanus

398 3509 422 3538 a
434 3497 524 3540 dit:
543 3497 652 3543 dore
664 3510 689 3540 c
708 3495 879 3540 mribus
890 3502 1065 3543 austros
1082 3495 1289 3550 (Ene'ide,
1345 3495 1511 3536 soldats
1528 3493 1676 3537 isoles.
1697 3508 1719 3532 ι
2039 3542 2047 3550 Ψ
2208 3546 2212 3550 ¹

400 3560 468 3596 in,
486 3548 571 3600 61).
1397 3545 1445 3578 ’ὅ
1462 3544 1500 3588 Ἰ
1503 3545 1732 3601 inpeditos,
1749 3557 1770 3582 ι
1782 3546 2091 3588 εωῑηετῑιιεεεῆ.
2111 3558 2127 3578 ι-
2151 3550 2236 3582 suit
