2525 3984
1002 204 1150 264 NAR
1159 204 1552 265 RATIONES.
2080 208 2108 263 l
2120 205 2194 265 53

360 357 464 418 pro
497 355 680 401 ‚muro
720 342 910 415 septa,
963 334 1139 416 portis
1182 334 1410 416 regione
1450 332 1764 415 platearum
1814 333 2132 412 patentibus
2149 336 2196 371 θ’

363 416 626 476 stationes
657 413 1024 495 pioesidiaque
1059 413 1145 475 dis
1186 413 1359 490 osuit,
1389 434 1461 475 ne
1562 412 1611 473 is
1649 412 1711 472 in
1739 410 1999 473 discursu
2034 411 2199 473 mili—

364 504 491 554 tum
511 495 557 531 ⁸⁷
582 493 826 574 impetus
844 492 903 552 in
921 501 1102 555 castra
1124 435 1244 554 filimi
1266 500 1470 584 posset.
1525 492 1635 553 nde
1660 491 1818 572 signo
1841 490 1970 551 dato
1989 491 2197 554 milites

361 571 778 649 discurrerunt,
808 572 1170 652 refractisque
1183 573 1400 632 foribus
1414 574 1491 649 ⁸⁸,
1516 591 1696 653 quum
1726 570 1919 631 omnia
1983 578 2198 631 terrore

362 671 425 713 ac
456 653 707 712 tumultu
745 659 1092 731 streperent,
1122 672 1157 714 a
1186 650 1434 712 caedibus
1460 659 1650 713 tamen
1678 659 1792 710 tem
1833 657 2051 710 eratum
2088 658 2192 709 est.

364 730 595 811 Rapinis
613 731 803 791 nullus
826 739 954 791 ante
980 730 1181 792 modus
1199 730 1334 805 fuit,
1408 750 1543 791 uam
1569 728 1762 790 omnia
1828 728 2057 789 iuturna
2076 729 2197 789 feli-

359 808 528 870 citate
572 810 860 871 cumulata
894 811 1044 871 bona
1075 811 1385 891 egessere‘39.
1418 817 1543 871 nter
1568 810 1688 869 h‘aec
1718 816 1774 869 et
1808 807 2193 882 Philodemus,

363 908 545 968 quum
568 909 691 969 spes
715 889 907 949 auxilii
931 890 1087 949 nulla
1109 896 1283 964 esset,
1309 888 1420 949 fide
1441 896 1690 968 accepta,
1720 895 1786 947 ut
1806 886 2103 947 inviolatus
2127 887 2199 946 ad

364 966 653 1048 Epicyden
697 967 927 1042 rediret,
974 966 1211 1028 deducto
1260 966 1520 1047 praesidio
1541 1011 1562 1042 ,
1618 965 1849 1027 tradidit
1902 967 2197 1025 tumulum

368 1045 658 1107 Romanis·
691 1047 913 1107 Aversis
950 1046 1212 1107 omnibus
1250 1045 1320 1106 ad
1344 1049 1657 1107 tumultum
1671 1048 1718 1083 ⁹⁰
1744 1065 1812 1105 ex
1838 1052 1994 1124 parte
2021 1054 2197 1125 captae

366 1123 545 1200 urbiS,
578 1124 883 1199 Bomilcar,
929 1134 1152 1186 noctem
1196 1144 1324 1186 eam
1366 1127 1644 1202 nactus⁹¹,
1683 1144 1797 1206 qua
1826 1133 2054 1204 propter
2081 1123 2196 1184 vim

363 1204 707 1284 tempestatis
738 1212 884 1265 stare
913 1204 983 1264 ad
1017 1224 1283 1265 ancoram
1312 1203 1372 1265 in
1400 1206 1515 1266 salo
1528 1206 1574 1241 ⁹¹
1602 1223 1840 1265 romana
1865 1202 2054 1264 classis
2081 1223 2197 1264 non

363 1291 575 1360 posset,
614 1303 747 1346 cum
772 1283 1006 1365 triginta
1033 1283 1285 1399 quinque
1308 1283 1544 1346 navibus
1567 1303 1634 1343 ex
1665 1291 1830 1363 portu
1861 1302 2197 1363 syracusano

363 1363 666 1440 profectus,
685 1363 860 1423 libero
875 1362 1021 1423 mari
1031 1362 1053 1399 ⁹
1098 1364 1220 1423 vela
1233 1362 1295 1422 in
1313 1364 1491 1423 altum
1504 1362 1681 1434 dedit,
1694 1362 1944 1444 quinque
1952 1369 2007 1423 et
2020 1361 2199 1442 quin-

357 1439 630 1528 quaginta
675 1441 913 1502 navibus
954 1440 1218 1531 Epicydoe
1258 1449 1316 1502 et
1354 1441 1703 1522 syracusanis
1738 1440 1976 1518 relictis3
2023 1441 2198 1502 edoc-

366 1527 547 1598 tisque
579 1519 1135 1601 Carthaginiensibus
1173 1519 1236 1578 in
1261 1530 1472 1600 quanto
1506 1541 1595 1581 res
1620 1521 1967 1599 Syracusana
1991 1519 2199 1580 discri-

365 1596 520 1657 mine
556 1606 720 1673 esset,
764 1619 897 1660 cum
939 1606 1168 1658 centum
1196 1598 1433 1657 navibus
1473 1606 1597 1678 post
1623 1618 1830 1677 paucos
1869 1598 1988 1658 dies
2027 1597 2197 1673 redit,

363 1675 583 1811 bnultiS,
618 1684 684 1736 ut
719 1678 872 1739 fama
912 1684 1027 1752 est,
1063 1676 1226 1761 donis
1254 1696 1323 1736 ex
1363 1676 1624 1737 Hieronis
1659 1696 1795 1757 gaza
1836 1675 1907 1736 ab
1953 1676 2200 1756 Epicyde

404 1761 623 1815 onatus.

446 1835 763 1912 Marcellus,
788 1837 1033 1916 Euryalo
1050 1842 1275 1915 recepto
1299 1832 1670 1916 praesidioque
1695 1833 1910 1909 addito,
1932 1853 2048 1895 una
2064 1854 2200 1895 cura

361 1920 482 1972 erat
522 1912 703 1992 liber,
745 1934 815 1975 ne
856 1935 968 1995 qua
991 1913 1064 1975 ab
1097 1922 1253 1994 tergo
1284 1913 1368 1973 vis
1391 1913 1643 1975 hostium
1680 1914 1742 1974 in
1766 1934 1954 1975 arcem
1975 1925 2202 1993 accepta

366 1992 608 2052 inclusos
642 1992 1052 2084 impeditosque
1099 1992 1442 2053 moenihus⁹⁸
1488 2013 1615 2054 suos
1654 1994 1927 2055 turbaret.
1976 1993 2201 2053 Achra—

361 2068 561 2130 dinam
587 2070 719 2132 inde
740 2116 762 2147 ,
803 2070 968 2132 trinis
999 2071 1195 2133 castris
1232 2092 1333 2163 per
1359 2064 1560 2133 idonea
1598 2071 1684 2133 dis
1760 2072 1880 2133 sitis
1916 2074 2061 2147 loca,
2103 2092 2199 2152 spe

361 2148 435 2208 ad
466 2148 718 2290 imffiam
750 2151 1006 2212 omnium
1037 2171 1228 2212 rerum
1268 2152 1511 2212 inclusos
1520 2152 1566 2188 ⁹⁸
1602 2171 1664 2212 re
1703 2160 1965 2212 acturum
1980 2153 2050 2226 ⁹³,
2079 2150 2200 2212 cir-

363 2246 556 2289 GumSe

619 2236 661 2290 t.
701 2231 891 2303 Quum
921 2229 1022 2310 'per
1064 2230 1277 2311 aliquot
1313 2229 1432 2291 dies
1462 2230 1664 2311 quietae
1704 2232 1968 2292 stationes
2004 2229 2198 2290 utrin-

364 2326 472 2385 que
485 2308 531 2344 ⁹⁷
551 2307 810 2385 fuissent,
835 2316 1062 2389 repente
1086 2309 1357 2372 adventus
1381 2308 1737 2390 Hippocratis
1759 2317 1814 2371 et
1835 2308 2195 2385 HimilconiS,

367 2393 430 2443 ut
461 2388 609 2448 ultro
634 2387 887 2469 undique
924 2397 1383 2469 oppugnarentur
1397 2390 1443 2426 ⁸⁸
1470 2392 1711 2450 Romam
1731 2432 1753 2464 ,
1787 2389 1937 2449 fecit.
1970 2391 2115 2449 Nam
2141 2397 2198 2448 et

367 2536 434 2578 les
463 2547 580 2579 murs
611 2537 692 2579 des
723 2534 918 2581 edifices.
938 2553 961 2578 »
995 2536 1145 2582 Tectis
1168 2551 1253 2594 pa-

367 2587 544 2636 rietum,
576 2600 688 2642 pour
722 2591 935 2634 tectorum
960 2590 1221 2646 parietibus
1237 2623 1248 2645 ,

365 2652 447 2693 par
471 2641 500 2682 h
680 2653 707 2686 e
736 2654 747 2685 :
779 2655 867 2698 pro
900 2655 1049 2692 muro,
1083 2657 1251 2689 comme

366 2704 491 2789 QZ
509 2699 1255 2802 123·00mss{⁸1?{2³t213³'·⁰‘32‘31¹32253

365 2798 410 2841 le
427 2804 547 2842 texte
564 2801 687 2843 est-11
702 2799 855 2844 altere.
978 2781 998 2812 ·’

420 2850 466 2884 86
492 2851 654 2896 Portis
681 2853 864 2907 reqione
886 2853 1144 2910 platearum
1167 2867 1255 2910 pa-

369 2902 575 2957 tentibus,
622 2916 646 2941 «
680 2910 817 2960 quant
860 2918 944 2949 aux
985 2912 1134 2960 portes
1181 2908 1255 2959 (du

365 2955 509 3011 camp)
534 2958 610 3011 qui
626 2957 889 3001 s’ouvraient
911 2959 1021 3002 dans
1046 2960 1091 3002 la
1109 2960 1257 3003 direc-

366 3011 469 3103 ξίοειέ
495 3010 575 3051 des
601 3011 750 3063 places
772 3023 795 3049 ³
827 3022 886 3054 ou
916 3024 939 3047 α
966 3012 1045 3055 des
1067 3013 1256 3066 grandes

390 3074 417 3103 u
471 3090 483 3104 .
506 3076 528 3100 ι

424 3112 471 3147 8⁷
498 3113 558 3156 In
576 3113 782 3158 discursu
798 3115 998 3160 militum.
1015 3116 1130 3171 Voy.
1146 3122 1258 3161 note‘

367 3166 436 3216 81,
446 3179 568 3262 ἔῖᾷθ
586 3165 864 3229 precedente.

421 3218 444 3253 8
540 3218 705 3263 orabas.
737 3223 838 3264 «les
863 3226 1011 3275 portes
1037 3223 1118 3267 des
1143 3225 1255 3267 mai·

366 3282 473 3315 tons
507 3287 530 3312 »

420 3324 465 3359 8⁹
498 3323 642 3372 Quam
666 3325 828 3379 omnia,
854 3329 957 3379 etc„
977 3341 1000 3366 «ι
1019 3332 1151 3371 avant
1166 3342 1251 3384 que

369 3385 479 3440 tous,
499 3391 574 3422 ces
603 3376 784 3427 tre'sors,
859 3390 944 3441 que
978 3382 1033 3423 de
1065 3382 1252 3434 longues

367 3442 534 3475 annees
562 3432 619 3475 de
678 3430 891 3485 respon-ite
917 3435 1091 3477 avaient
1128 3446 1255 3478 accu-

367 3482 506 3543 mules
522 3486 633 3528 dans
667 3497 715 3528 es
735 3487 930 3530 maisons
954 3486 1056 3529 n'en
1073 3492 1254 3530 eussent

369 3534 439 3577 ete
456 3535 648 3580 enleves.
660 3552 681 3578 »

421 3587 468 3622 ⁹⁰
496 3590 668 3634 Aversis
693 3590 891 3636 omnibus
917 3591 977 3636 ad
1003 3592 1252 3640 tumultum.

1305 2545 1410 2594 etc„
1429 2552 1451 2578 «t
1471 2542 1618 2583 tundis
1647 2553 1733 2595 que
1756 2542 1800 2584 le
1818 2541 2001 2582 tumulte
2028 2540 2103 2594 qui
2117 2536 2198 2583 ε’ό·

1304 2593 1440 2637 levait
1466 2595 1521 2636 de
1546 2594 1592 2635 la.
1622 2596 1762 2648 partie
1819 2596 1905 2636 rise
1932 2594 1988 2636 de
2021 2594 2067 2636 la
2091 2593 2195 2636 ville

1305 2646 1473 2689 attii-ait
1501 2646 1749 2688 l'attention
1808 2658 1833 2688 e
1864 2650 1977 2688 tous.
1998 2659 2020 2684 ι
2051 2645 2195 2689 Aver-

1304 2697 1967 2793 rfflpsmsszzaaeamz
1992 2702 2196 2794 east

1307 2803 1367 2846 du
1385 2801 1593 2847 desordre
1612 2805 1667 2846 de
1686 2809 1801 2847 cette
1819 2781 1930 2847 nuit’.
1953 2763 2016 2843 »p

1307 2909 1324 2951 1
1361 2854 1408 2889 ⁹²
1433 2855 1494 2897 In
1525 2855 1635 2910 salo,
1672 2867 1694 2893 c
1732 2869 1806 2900 sur
1837 2870 1925 2900 une
1956 2868 2051 2899 mer
2085 2856 2196 2899 hou-

1326 2921 1446 2952 euse.
1465 2923 1488 2948 ›

1361 2960 1417 2994 ⁹8*
1433 2958 1600 3004 Libero
1634 2962 1773 3015 mari,
1811 2973 1834 2998 «ι
1866 2963 1912 3004 la
1944 2974 2038 3005 mer
2069 2960 2196 3004 etant

1306 3014 1441 3064 libre;
1463 3029 1483 3052 ιι
1504 3015 1547 3056 la
1563 3015 1668 3057 rade
1687 3014 1853 3057 n'etant
1871 3027 1950 3069 pas
1971 3013 2149 3068 gai-dee.

1360 3064 1407 3100 ⁹⁸
1433 3065 1633 3109 Inclusas
1646 3067 1956 3123 impeditosque
1969 3065 2193 3113 moenibus,

1310 3131 1331 3155 ε
1357 3118 1572 3163 enfermes
1605 3121 1715 3162 dans
1751 3121 1829 3163 des
1861 3133 1978 3163 murs
2010 3122 2085 3174 qui
2120 3131 2176 3162 au

1306 3173 1449 3215 ratent
1468 3170 1576 3225 gene
1594 3173 1711 3216 leurs
1726 3179 2042 3216 mouvements.
2061 3187 2086 3213 ι

1359 3224 1404 3258 95
1430 3224 1643 3278 Ine-lasne,
1662 3224 1817 3269 cea-d.
1839 3226 2164 3281 Syracusanos.

1359 3275 1405 3310 ⁹⁶
1432 3277 1748 3326 Rodaciurum,
1767 3280 2089 3321 sous-entendu
2107 3288 2163 3318 se.

1358 3328 1403 3364 ⁹⁷
1437 3329 1600 3377 Quieta?
1630 3330 1842 3374 stationes
1871 3333 2101 3386 utrinque.
2132 3341 2184 3373 m.

1305 3379 1334 3424 ὃ,
1357 3393 1415 3424 m.
1447 3395 1469 3421 c
1487 3383 1554 3426 les
1578 3388 1729 3437 postes
1757 3396 1942 3427 avances
1972 3384 2048 3426 :les
2080 3384 2189 3426 deux

1304 3436 1442 3495 partis
1457 3434 1625 3479 etaient
1635 3436 1775 3480 restes
1792 3438 2069 3489 tranquille83
2091 3450 2113 3474 ι
2134 3445 2189 3476 on

1306 3488 1450 3530 s’etatt
1482 3488 1663 3532 observo
1707 3490 1763 3532 de
1805 3495 1906 3532 nart
1943 3494 1990 3531 et
2025 3488 2194 3530 ‹l’autre

1307 3552 1410 3626 88ἓὲ
1426 3542 1786 3649 οὸᾖιξὲῗξιῗῖἱςαε
1804 3597 2189 3648 oppugnarentur,
2249 3618 2257 3627 .

1882 3682 1936 3726 9.
