2525 3984
355 274 393 328 4
1001 263 1557 325 NARRATIONES.

353 418 464 459 non
501 405 566 458 ut
598 395 842 457 rusticus
868 394 1143 476 injuriam
1163 395 1369 457 tacitus
1396 395 1552 471 tulit,
1588 404 1887 458 contentus
1907 398 2060 480 quod
2095 420 2210 463 non

351 477 556 558 etipse
581 475 821 537 donatus
848 482 1034 536 esset:
1065 474 1162 537 sed
1184 474 1450 557 Philippo
1471 475 1770 556 epistolam
1797 476 2056 539 strictam
2072 481 2118 515 ¹¹
2148 501 2213 542 ac

354 556 593 618 liberam
620 553 884 636 scripsit:
929 575 1044 637 qua
1068 562 1299 648 accepta
1317 553 1398 617 ita
1423 553 1653 632 exarsit,
1683 563 1749 617 ut
1776 555 1970 619 statim
1992 558 2214 621 Pausa-

354 635 464 697 niae
493 634 791 697 mandaret
809 679 832 711 ,
866 634 1018 696 bona
1057 634 1232 716 priori
1274 632 1507 697 domino
1534 641 1857 698 restitueret
1897 654 1919 699 2
1958 645 2213 699 ceterum

353 712 776 797 improbissimo
804 712 998 791 militi,
1034 713 1421 796 ingratissimo
1441 712 1678 796 hospiti,
1713 713 2040 778 avidissimo
2062 738 2216 780 nau-

355 797 538 875 frago,
560 793 876 876 stigmata¹⁸
904 792 1262 870 inscriberet,
1298 789 1590 885 ingratum
1615 793 1902 876 hospitem
1922 796 2211 859 testantia.

356 872 425 934 Di
504 895 573 936 us
696 873 847 936 ‘dem
880 873 990 934 fuit
1004 918 1026 950 ,
1076 873 1170 935 cui
1208 893 1326 934 non
1372 873 1818 936 inscriberentur
1851 874 1962 937 illae
1996 873 2175 937 literae
2192 921 2213 953 ,

479 952 602 1014 insc
649 961 961 1045 ferentur,
997 953 1094 1070 (¹1‘ui
1122 953 1409 1035 hospitem
1437 973 1609 1016 suum
1621 998 1643 1030 ,
1671 953 1827 1016 nudo
1853 962 1911 1016 et
1937 956 2214 1036 naufrago

355 1031 602 1094 similem
612 1077 629 1109 ,
645 1032 778 1093 mid
798 1032 861 1094 in
875 1040 1321 1173 Ἣ
1340 1032 1461 1114 ipse
1480 1033 1616 1096 litus
1628 1034 1939 1115 expulerat.
1956 1035 2212 1112 (Suanos,

353 1116 421 1171 de
447 1116 660 1190 Renes„
673 1118 915 1191 Ἦῖἳΐίρ.
1018 1116 1060 1191 .)
1320 1140 1341 1149 r
1364 1144 1381 1155 -
1452 1152 1459 1155 -

573 1397 1183 1460 4.-ΒΕῊΙΠΕΜΕΙΠ
1244 1403 1323 1458 ΒΕ
1383 1403 1559 1460 otux
1621 1403 1990 1459 tsctnvts.

356 1540 472 1585 :etto
489 1539 696 1585 anecdota
716 1549 781 1586 est
802 1554 864 1584 un
886 1540 1060 1598 episode
1080 1540 1135 1583 de
1157 1538 1201 1583 la
1221 1552 1378 1597 guerre
1404 1539 1587 1591 Sociale,
1623 1539 1701 1596 qui
1727 1547 1803 1583 eut
1832 1539 1922 1583 lieu
1944 1538 2034 1582 l'an
2054 1540 2135 1582 6⁶³
2160 1540 2213 1582 de

957 1598 1110 1650 Rome,
1138 1598 1193 1640 00
1211 1611 1283 1641 av.
1310 1597 1611 1642 lesus-christ.

435 1746 706 1808 Claudius
733 1744 1140 1827 Quadrigarius
1156 1749 1173 1782 ¹
1197 1746 1260 1806 in
1279 1745 1733 1809 duodevicesimo
1755 1746 2069 1807 Annalium
2092 1754 2217 1806 tra-

354 1825 527 1902 didit,
554 1846 689 1887 cum
724 1826 1076 1887 obsideretur
1096 1825 1519 1887 Grumentum¹
1563 1832 1619 1887 et
1652 1826 1777 1907 jam
1811 1825 1882 1887 ad
1924 1844 2215 1886 summam

357 1904 807 1986 desperationem
866 1913 1100 1967 ventum
1162 1913 1345 1981 esset,
1415 1905 1557 1966 duos
1612 1925 1800 1966 servos
1867 1903 1938 1965 ad
1991 1905 2215 1965 hostem

364 1983 748 2064 transfugisse,
768 1992 827 2046 et
854 2004 1039 2066 operoe
1073 1984 1325 2065 pretium
1345 1983 1540 2046 fecisse
1554 1986 1598 2044 ³.
1640 1983 1857 2046 Deinde
1882 1983 2025 2045 urbe
2052 1991 2219 2064 capta

361 2063 573 2152 passim
593 2063 944 2125 discurrente
962 2063 1198 2141 victore,
1225 2063 1354 2126 illos
1382 2085 1484 2146 per
1503 2071 1639 2125 nota
1657 2063 1865 2129 itinera
1884 2063 1956 2125 ad
1975 2063 2216 2125 domum

362 2163 423 2202 m
445 2163 558 2223 qua
590 2141 921 2220 servierant,
965 2143 1420 2225 praecucurrisse,
1472 2151 1530 2206 et
1561 2143 1858 2206 dominam
1887 2163 2051 2205 suam
2086 2150 2218 2204 ante

363 2240 424 2282 se
475 2221 652 2302 egisse
692 2240 709 2285 ε
755 2232 810 2284 et
929 2222 1233 2285 aerentibus
1275 2243 1541 2305 quaenam
1580 2231 1727 2285 esset
1747 2268 1769 2299 ‚
1816 2221 2113 2284 dominam
2160 2229 2218 2282 et

442 2299 598 2362 idem
624 2244 1075 2364 crudelisssflam
1108 2303 1180 2364 ad
1215 2302 1563 2384 supplicium
1596 2302 1669 2364 ab
1703 2301 1841 2384 ipsis
1874 2301 2005 2362 duci
2025 2347 2045 2378 ,
2075 2321 2219 2382 pro-

385 2400 535 2442 essos
575 2401 716 2443 esse.
766 2382 1048 2444 Eductam
1096 2381 1302 2444 deinde
1341 2390 1498 2444 extra
1535 2402 1733 2444 muros
1750 2427 1770 2457 ,
1813 2401 2040 2442 summa
2082 2399 2219 2441 cura

360 2459 569 2521 celasse
583 2505 606 2537 ,
634 2460 812 2523 donec
836 2461 1058 2523 hostilis
1085 2461 1174 2523 ira
1199 2461 1517 2523 consideret
1553 2479 1570 2523 ε
1608 2461 1812 2523 deinde
1828 2505 1850 2536 ,
1885 2468 1951 2520 ut
1983 2459 2218 2521 satiatus

365 2529 529 2601 mile's
558 2540 670 2603 cito
707 2542 780 2603 ad
807 2543 1094 2603 Romanos
1120 2562 1310 2604 mores
1337 2541 1539 2618 rediit,
1576 2540 1702 2603 illos
1730 2560 1954 2630 quoque
1984 2538 2056 2600 ad
2085 2559 2216 2598 suos

364 2616 605 2695 redisse,
634 2628 692 2682 et
716 2620 1012 2683 dominam
1047 2620 1156 2682 sibi
1178 2619 1331 2703 ipsos
1357 2620 1595 2682 dedisse.
1629 2619 1960 2682 Manumisit
1979 2626 2217 2679 utrum-

362 2717 477 2778 que
511 2718 543 2759 e
580 2699 816 2790 vestigio
842 2700 867 2738 ⁸
908 2699 1008 2762 illa
1042 2718 1060 2763 z
1103 2720 1210 2762 nec
1247 2699 1544 2782 indignata
1581 2708 1667 2761 est
1704 2699 1778 2760 ab
1818 2699 1909 2759 his
1949 2718 2008 2758 se
2040 2696 2215 2758 vitam

366 2777 642 2858 accepisse
659 2822 680 2854 ,
728 2799 791 2838 m
840 2799 980 2861 quos
1027 2778 1158 2842 vitae
1206 2779 1332 2841 neci
1442 2800 1474 2841 e
1521 2786 1854 2862 potestatem
1902 2776 2211 2838 habuisset.

371 2855 559 2916 Potuit
591 2855 700 2917 sibi
746 2857 857 2919 hoc
881 2858 970 2919 vel
997 2858 1181 2939 magis
1216 2866 1343 2940 grat
1404 2859 1511 2922 ari.
1543 2857 1725 2920 Aliter
1749 2857 1907 2919 enim
1943 2856 2215 2929 servata⁸,

423 3042 467 3077 ¹²
492 3040 719 3086 strictam
736 3074 751 3097 ‚
799 3054 822 3079 <
840 3040 988 3085 seri-ee
1004 3072 1017 3096 ,
1040 3055 1065 3083 ›
1104 3039 1263 3085 cea-d.
1322 3056 1478 3099 guerre
1496 3046 1626 3088 civile
1650 3044 1707 3086 de
1738 3043 1770 3089 S
1800 3044 1865 3087 lla
1887 3047 1934 3086 et
1955 3043 2012 3087 de
2033 3042 2216 3086 Max-tus.
2298 3010 2303 3019 .

370 3107 643 3183 ngoureuse,
661 3095 916 3149 energique.
1373 3095 1396 3130 ¹
1427 3095 1732 3140 Grumentum.
1789 3097 1849 3149 uj.
1869 3095 2096 3148 mento,
2111 3095 2218 3141 ville

446 3150 468 3184 ⁸
498 3150 742 3205 Stigmata,
773 3161 869 3191 mar
897 3159 978 3193 ues
1010 3146 1266 3202 imprtmees
1321 3150 1379 3193 de
1396 3148 1609 3203 Lucanie,
1634 3149 1664 3192 a
1688 3148 1774 3193 1’0.
1793 3149 1851 3190 de
1876 3147 2155 3201 Metaponto.

366 3215 476 3247 avec
497 3214 561 3246 un
587 3203 654 3244 ter
678 3195 835 3244 exaud.
902 3213 932 3243 n
956 3202 1175 3255 mai-queit
1199 3202 1266 3244 les
1373 3200 1395 3235 ⁸
1426 3199 1581 3258 Opera
1592 3203 1797 3258 pretium
1811 3199 2003 3258 fecisse,
2021 3199 2214 3244 mea-m.

365 3257 566 3301 esclaves
581 3256 670 3298 soit
686 3266 743 3296 au
764 3255 897 3307 front,
914 3255 1003 3297 soit
1020 3266 1078 3296 au
1092 3257 1247 3298 ventre
1321 3265 1345 3291 e
1360 3254 1494 3298 flrent
1509 3267 1659 3298 oeuvre
1673 3254 1941 3306 meritoire‚»
1957 3254 2091 3297 firent
2104 3266 2219 3297 mer-

369 3314 456 3352 eto.
492 3310 618 3352 selon
632 3308 700 3350 les
714 3319 805 3350 eas.
834 3307 1059 3351 L’esclave
1085 3285 1265 3363 mai-qud
1319 3308 1467 3360 veina,
1483 3319 1532 3350 se
1542 3307 1868 3364 distinguerent
1879 3308 2071 3351 dansles
2084 3319 2218 3360 rangs

373 3359 1268 3467 gafgaglffluaeoanuge:tngtng'atffivm
1321 3361 1398 3446 deb
1407 3362 1696 3471 lfinssgffiiibio
1714 3446 1727 3469 ,
1766 3424 1790 3450 ε
1819 3417 1919 3456 tout
1949 3413 2132 3458 d'abord
2146 3443 2159 3467 ,
2190 3427 2215 3454 ι

374 3468 447 3521 jeu
464 3465 658 3521 d'esprit.
1321 3477 1491 3509 comme
1515 3479 1628 3511 nous
1654 3469 1808 3511 disens
1831 3465 1888 3509 de
1920 3477 1971 3508 ce
1989 3478 2080 3522 pas
2106 3477 2219 3519 pour

426 3517 559 3560 4.-1
579 3515 742 3560 Claud.
763 3516 1270 3571 Quafflqanuae,hssto-
1323 3519 1536 3563 aussitdt.

374 3572 470 3611 rien
486 3571 597 3612 dont
611 3569 680 3611 les
696 3580 909 3623 ouvrages
922 3574 1024 3611 sont
1037 3571 1212 3624 pei-dus.
1229 3570 1268 3613 Il
1376 3571 1398 3605 Β
1426 3571 1582 3615 Aliter
1597 3574 1800 3626 servata,
1820 3583 1843 3609 ‹
1858 3573 1897 3614 si
1912 3572 1998 3614 elle
2013 3572 2130 3616 uvalt-
2145 3567 2217 3614 ete’

373 3623 491 3663 avait
506 3619 712 3674 compos&
729 3622 965 3663 outraduit
977 3621 1037 3663 du
1059 3634 1161 3676 grec
1188 3623 1270 3666 des
1321 3623 1482 3667 sanvee
1504 3630 1753 3668 auti-emeat
1766 3641 1787 3665 ι
1815 3622 1916 3678 (que
1941 3636 2024 3678 par
2048 3624 2124 3668 des
2143 3635 2217 3666 es-

376 3672 570 3716 Anualea
600 3674 676 3725 qui
705 3671 1001 3716 s’etendaient
1023 3672 1197 3728 jusqn'a
1223 3676 1269 3717 la
1321 3676 1495 3730 claves),

2220 11 2500 181 *1
