2525 3984
305 121 418 180 186
936 116 1084 174 NAR
1094 113 1479 174 RATloNES.

307 252 452 325 pete.
482 263 514 303 >³
554 241 759 303 Stabiis
772 242 814 279 ¹⁹
841 247 959 303 erat
974 285 996 317 ,
1024 240 1339 320 diremptus
1366 239 1496 301 sinu
1522 239 1730 301 medio.
1762 241 1909 301 Nam
1935 243 2144 304 sensim

307 321 662 386 circumactis
703 320 1058 401 curvatisque
1094 318 1379 381 littoribus
1420 340 1578 381 mare
1625 318 1968 404 infunditur.
2023 322 2106 386 Ibi
2124 368 2145 398 ,

307 422 631 485 quanquam
677 399 931 463 nondum
975 398 1224 480 periculo
1270 398 1755 481 appropinquante
1778 444 1797 475 ,
1846 408 2149 480 conspicuo

309 490 524 558 tamen,
559 489 637 557 et,
679 501 860 561 quum
901 487 1197 554 cresceret,
1226 477 1506 557 proxime,
1547 477 1794 544 sarcinas
1835 481 2149 541 contulerat

307 560 371 622 in
387 580 579 637 naveS,
600 568 788 621 certus
809 559 959 639 fugae
973 559 1045 635 ²⁰,
1071 557 1116 619 si
1141 555 1457 619 contrarius
1479 565 1678 618 ventus
1698 555 2012 634 resedisset,
2034 579 2148 640 quo

308 649 446 702 tunc
477 640 787 702 avunculus
825 655 985 699 meus
1015 636 1420 699 secundissimo
1454 635 1731 713 invectus,
1756 638 2150 718 complectitur

311 718 686 800 trepidantem
703 762 724 794 ,
765 718 1109 793 consolatur,
1155 717 1450 793 hortatur3
1495 724 1670 797 utque
1712 715 1979 798 timorem
2028 716 2149 797 ejus

309 819 412 859 sua
437 797 736 860 securitate
760 795 997 873 leniret,
1022 794 1228 857 deferri
1264 816 1323 857 se
1349 794 1410 855 in
1435 795 1726 857 balineum
1759 794 1960 876 jubet,
2004 796 2148 857 lotus

310 877 578 953 accubat,
640 883 859 953 coenat,
917 878 1143 966 atque¹¹
1198 873 1425 952 hilaris,
1468 882 1567 938 aut
1579 919 1602 951 ,
1646 874 1806 961 ‚quod
1858 883 1943 937 est
1992 894 2150 957 aeque

315 975 610 1037 magnum,
633 953 835 1016 similis
855 953 1044 1016 hilari.

364 1050 376 1065 ⁸
394 1034 628 1095 Interim
645 1054 675 1094 e
691 1034 930 1095 Vesuvio
950 1041 1142 1095 monte
1158 1033 1417 1115 pluribus
1436 1033 1574 1096 locis
1591 1034 1878 1095 latissimae
1900 1035 2146 1095 flammae

313 1115 534 1196 altaque
553 1112 812 1174 incendia
829 1113 1184 1188 relucebant,
1204 1134 1452 1194 quorum
1473 1114 1662 1193 fulgor
1680 1121 1736 1175 et
1757 1111 1980 1175 claritas
1998 1122 2151 1174 tene-

313 1192 431 1254 bris
465 1191 1100 1256 noctis·exeitabatur²'.
1134 1194 1233 1253 llle
1263 1219 1264 1222 ¹
1364 1191 1573 1254 estium
1597 1192 1970 1273 trepidatione
1995 1191 2151 1273 ignes

310 1272 535 1333 relictos
560 1271 913 1354 desertasque
929 1270 1089 1334 villas
1114 1291 1215 1353 per
1240 1292 1301 1332 so
1325 1270 1604 1333 itudinem
1625 1270 1845 1348 ardere,
1874 1271 1937 1331 in
1972 1292 2153 1332 reme-

313 1350 475 1412 dium
523 1348 843 1413 formidinis
861 1352 933 1426 ²³,
980 1349 1275 1411 dictitabat
1316 1368 1335 1413 ε
1378 1358 1508 1412 tum
1552 1371 1610 1414 se
1651 1349 1827 1432 quieti
1863 1350 2047 1427 dedit,
2095 1361 2154 1410 et

296 1496 308 1504 ,
392 1430 525 1491 ievit
543 1429 836 1510 verissimo
856 1428 1088 1511 quidem
1120 1449 1345 1496 somne.
1381 1432 1526 1492 Nam
1549 1438 1769 1492 meatus
1782 1428 2017 1507 animae,
2053 1451 2150 1511 qui

314 1452 394 1570 illi
420 1517 648 1601 propter
665 1508 1098 1599 amplitudinem
1117 1508 1369 1590 corporis
1389 1508 1612 1592 gravior
1625 1516 1683 1571 et
1700 1509 1989 1571 sonantior
2007 1519 2159 1584 erat,

313 1588 386 1650 ab
417 1588 488 1649 iis
519 1588 616 1671 qui
644 1587 831 1651 limini
858 1587 1320 1665 obversabantur,
1343 1588 1699 1667 audiebatur.
1731 1587 1842 1651 Sed
1869 1608 2000 1651 area
2013 1589 2153 1661 'fex

314 1688 426 1750 qua
453 1665 677 1730 diaeta²⁸
708 1667 971 1729 adibatur
995 1665 1076 1730 ita
1096 1668 1225 1758 jam
1262 1667 1452 1730 cinere
1490 1667 1652 1729 mixti
1721 1688 1792 1730 ue
1831 1665 2154 1748 pumicibus

313 1748 535 1837 oppleta
570 1755 907 1824 surrexerat,
941 1754 1028 1822 ut,
1067 1767 1114 1808 si
1148 1746 1372 1827 longior
1395 1746 1458 1807 in
1492 1689 1754 1810 cubiciiio
1791 1766 1952 1808 mora
1986 1757 2152 1821 esset,

313 1834 492 1887 entus
536 1834 855 1907 negaretur.
887 1825 1177 1888 Excitatus
1204 1826 1492 1907 procedit,
1530 1847 1702 1909 seque
1741 1824 2127 1907 Pomponiano
2130 1870 2154 1901 ,

316 1904 623 1987 ceterisque
659 1905 759 1988 qui
796 1905 1194 1985 pervioilarant
1209 1949 1231 1982 ,
1270 1905 1533 1970 reddit²⁸.
1576 1909 1643 1966 In
1685 1925 1987 1970 commune
2021 1925 2157 1965 con-

314 1986 524 2045 sultant
560 1983 711 2046 intra
736 1992 879 2047 tecta
911 1954 1216 2046 subsistant
1229 2030 1251 2061 ,
1277 2006 1350 2047 an
1375 1984 1438 2045 in
1463 2006 1497 2047 a
1568 1993 1656 2047 rto
1678 1991 1972 2068 vagentur.
2008 1985 2156 2046 Nam

317 2062 527 2124 crebris
547 2063 825 2145 vastisque
843 2063 1184 2126 tremoribus
1207 2070 1352 2126 tecta
1372 2074 1509 2125 nuta
1549 2073 1671 2141 ant,
1690 2073 1769 2141 et,
1790 2064 1949 2146 quasi
1972 2072 2159 2125 emota

317 2140 540 2202 sedibus
576 2141 716 2218 suiS,
743 2162 897 2203 nunc
934 2144 1048 2206 huc
1083 2162 1237 2203 nunc
1274 2143 1410 2206 illuc
1452 2143 1607 2205 abire
1641 2152 1741 2205 aut
1775 2142 1972 2205 referri
2002 2142 2155 2203 vide-

318 2220 546 2281 bantur.
597 2221 716 2283 Sub
755 2220 851 2282 dio
884 2242 1081 2282 rursus
1084 2267 1106 2299 ,
1138 2242 1466 2304 quanquam
1504 2221 1711 2284 levium
1752 2242 2161 2304 exesorumque

318 2298 616 2380 pumicum
654 2320 813 2364 casus
848 2299 1206 2363 metuebatur
1222 2301 1269 2339 '⁷
1300 2319 1317 2362 z
1431 2301 1504 2363 od
1547 2310 1732 2364 tamen
1771 2300 2159 2392 periculorum

320 2378 540 2442 collatio
560 2378 763 2461 elegit3
786 2388 841 2441 et
869 2379 1019 2462 apud
1043 2380 1207 2441 illum
1321 2379 1334 2393 ‘
1378 2401 1472 2441 em
1502 2380 1647 2442 ratio
1679 2388 1980 2456 rationem,
2009 2380 2159 2460 apud

318 2458 455 2520 alios
489 2459 756 2524 timorem
791 2460 964 2522 timor
992 2458 1129 2521 vicit
1142 2461 1212 2519 ¹⁸.
1237 2402 1560 2522 (Eblrvicalia
1595 2459 1872 2542 capitibus
1897 2459 1979 2520 im
2022 2458 2162 2520 osita

320 2537 507 2599 linteis
536 2538 783 2602 constrin
906 2547 949 2599 t.
988 2538 1052 2599 Id
1093 2538 1520 2601 munimentum
1555 2538 1819 2600 adversus
1856 2537 1970 2601 inci
2010 2537 2162 2598 entia

321 2617 448 2679 fuit.
474 2621 600 2680 Jam
620 2619 739 2681 dies
758 2639 791 2680 a
815 2618 888 2679 ibi
910 2663 929 2694 ,
952 2617 1069 2679 illic
1088 2617 1491 2691 noxomnibus
1509 2617 1771 2680 noctibus
1791 2616 2007 2708 nigrior
2025 2617 2161 2677 den-

321 2696 568 2779 siorque,
607 2718 780 2780 quam
816 2707 1006 2760 tamen
1046 2698 1194 2759 faces
1224 2698 1422 2759 multae
1442 2695 1706 2780 variaque
1726 2699 1956 2759 lumina
1989 2697 2162 2757 solve-

326 2853 461 2904 nus,·›
481 2845 705 2909 peut-etro
721 2842 764 2885 le
778 2843 850 2888 fils
866 2843 925 2887 du
940 2843 1216 2898 pastorem·
1269 2846 1315 2888 di
1343 2856 1403 2888 ue
1446 2844 1559 2889 dans
1590 2844 1809 2898 plusieurs
1855 2849 2032 2888 auteurs
2070 2854 2160 2885 une

328 2891 883 3007 ροῗθωὲίῗιῗζῖἰῗῗέιξίαὴὶεε,
897 2962 921 2987 2
941 2949 1030 3003 aui.
1052 2947 1223 2994 castel·
1271 2910 1328 3005 ῗκι
1355 2895 1434 2993 eii
1444 2909 1547 2993 linitamn
1579 2898 1939 2993 giezilmtgiigalon
1959 2897 2016 2939 de
2041 2907 2160 2939 com·

330 3010 502 3041 a-mare
521 2997 569 3040 dt
580 2996 750 3041 Stabia-
1327 2964 1511 3046 5⁴¹³²Se'...
1530 3002 1731 3045 reddit...
1748 3002 2066 3057 Pomponiano,
2085 3011 2108 3036 ε
2126 3001 2159 3043 il

382 3051 430 3085 ²⁰
458 3050 618 3095 cerins
653 3049 772 3108 fuyae
789 3082 802 3106 ,
853 3064 877 3090 α
893 3051 1156 3105 *determine
1191 3055 1221 3100 a
1272 3068 1322 3098 se
1335 3054 1573 3100 redonnea
1586 3056 1960 3116 Pomponianum»
1975 3054 2161 3112 Expres-

333 3106 433 3148 stur.
450 3120 473 3144 2
1272 3110 1368 3151 sion
1397 3109 1608 3162 piquante
1640 3113 1688 3150 et
1717 3107 1907 3150 delicate
1938 3119 1951 3147 ε
1983 3109 2027 3149 la
2059 3117 2163 3158 pre-

379 3156 427 3192 21
454 3156 610 3211 Atque.
623 3154 762 3218 ljlfaut
771 3167 874 3218 sans
885 3157 1018 3201 doute
1027 3159 1108 3202 lire
1120 3163 1214 3204 aut.
1272 3172 1404 3204 sence
1443 3162 1500 3203 de
1532 3161 1665 3204 Pline
1699 3158 1812 3202 etait
1853 3172 1914 3203 un
1948 3158 2160 3204 vex-itable

382 3210 429 3245 ’ί
459 3206 722 3254 Tenebris...
751 3208 1052 3263 cantabatur,
1084 3226 1108 3250 ς
1126 3225 1220 3256 res-
1270 3214 1457 3256 bienfait
1472 3225 1584 3266 pour
1601 3225 1675 3256 ses
1698 3213 1826 3255 amis.

329 3266 500 3321 sonuit,
519 3262 738 3305 tranchait
761 3274 834 3304 sur
857 3263 924 3306 les
948 3262 1170 3309 tenebres.
1192 3282 1216 3307 ι
1323 3265 1367 3301 ²⁷
1408 3265 1670 3321 Quanquam
1708 3265 1914 3307 levium...
1938 3262 2163 3320 pumicum

383 3315 429 3352 ’ὃ
456 3317 514 3360 In
533 3313 769 3360 remedium
771 3312 1047 3370 formidinis,
1066 3329 1089 3354 c
1108 3330 1219 3373 pour
1271 3330 1417 3362 casus.
1443 3318 1723 3362 Constmisez
1751 3328 1764 3359 ε
1797 3327 1925 3359 casus
1940 3316 2165 3371 pumicum

328 3382 525 3416 ressurer
539 3380 611 3412 ses
625 3369 738 3410 amis
754 3371 1025 3412 consternes.
1048 3384 1071 3410 ›
1269 3382 1386 3425 quan
1423 3383 1526 3413 uam
1558 3369 1729 3413 terium.

381 3422 428 3458 ¹⁸
456 3423 600 3469 Area,
622 3432 645 3456 ι
662 3432 751 3465 une
768 3433 873 3464 cour
886 3421 1142 3467 inter-iente.
1157 3438 1181 3464 >
1324 3421 1372 3457 ²8
1444 3423 1537 3466 atio
1568 3424 1841 3466 rationem...
1876 3419 1998 3471 vicit,
2036 3436 2057 3460 ‹
2075 3436 2162 3467 une

380 3476 428 3509 ²⁸
456 3475 611 3525 Diana,
640 3472 765 3526 piene
784 3473 843 3517 ou
860 3474 926 3517 les
943 3477 1146 3519 convives
1164 3488 1215 3520 se
1268 3475 1416 3519 raison
1429 3475 1660 3530 l'emporta
1673 3487 1747 3518 sur
1760 3474 1937 3524 l'autre;
1954 3488 1977 3514 ›
1996 3477 2160 3525 raison,

330 3528 624 3572 renuissaient
638 3538 749 3580 pour
763 3538 947 3580 suuper-3
966 3540 1017 3570 ce
1040 3534 1132 3571 mot
1148 3530 1217 3571 in·
1264 3529 1376 3572 dans
1399 3531 1442 3571 Ie
1464 3543 1569 3574 sens
1585 3532 1643 3574 de
1662 3545 1683 3570 ι
1699 3532 2170 3577 motifraisonnable.»
