<?xml version="1.0" encoding="UTF-8"?>
<!DOCTYPE html PUBLIC "-//W3C//DTD XHTML 1.0 Transitional//EN"
    "http://www.w3.org/TR/xhtml1/DTD/xhtml1-transitional.dtd">
<html xmlns="http://www.w3.org/1999/xhtml" xml:lang="en" lang="en">
 <head>
  <title>
</title>
<meta http-equiv="Content-Type" content="text/html;charset=utf-8" />
  <meta name='ocr-system' content='tesseract 3.04.00' />
  <meta name='ocr-capabilities' content='ocr_page ocr_carea ocr_par ocr_line ocrx_word'/>
</head>
<body>
  <div class='ocr_page' id='page_1' title='image "./narrationeslati00guiagoog/narrationeslati00guiagoog_0218.png"; bbox 0 0 2525 3984; ppageno 0'>
   <div class='ocr_carea' id='block_1_1' title="bbox 293 53 1488 150">
    <p class='ocr_par' dir='ltr' id='par_1_1' title="bbox 293 53 1488 150">
     <span class='ocr_line' id='line_1_1' title="bbox 293 53 1488 150; baseline -0.007 -4"><span class='ocrx_word' id='word_1_1' title='bbox 293 87 415 150; x_wconf 79' lang='lat'><strong>200</strong></span> <span class='ocrx_word' id='word_1_2' title='bbox 735 53 740 61; x_wconf 77' lang='grc'>’</span> <span class='ocrx_word' id='word_1_3' title='bbox 934 79 1488 141; x_wconf 71' lang='lat' dir='ltr'><strong>NARRATloNES.</strong></span> 
     </span>
    </p>
   </div>
   <div class='ocr_carea' id='block_1_2' title="bbox 291 186 2159 2751">
    <p class='ocr_par' dir='ltr' id='par_1_2' title="bbox 291 186 2142 1145">
     <span class='ocr_line' id='line_1_2' title="bbox 291 186 2130 294; baseline 0 -19"><span class='ocrx_word' id='word_1_4' title='bbox 291 211 554 294; x_wconf 81' lang='lat' dir='ltr'><strong>ferroque</strong></span> <span class='ocrx_word' id='word_1_5' title='bbox 581 210 773 274; x_wconf 82' lang='lat' dir='ltr'><strong>salutis</strong></span> <span class='ocrx_word' id='word_1_6' title='bbox 807 230 966 292; x_wconf 89' lang='lat' dir='ltr'><strong>spem</strong></span> <span class='ocrx_word' id='word_1_7' title='bbox 992 228 1111 273; x_wconf 89' lang='lat' dir='ltr'><strong>esse</strong></span> <span class='ocrx_word' id='word_1_8' title='bbox 1126 226 1147 288; x_wconf 83' lang='lat'><em>3</em></span> <span class='ocrx_word' id='word_1_9' title='bbox 1174 218 1301 271; x_wconf 92' lang='lat' dir='ltr'><strong>tum</strong></span> <span class='ocrx_word' id='word_1_10' title='bbox 1328 186 1435 271; x_wconf 86' lang='lat' dir='ltr'><strong>sibi</strong></span> <span class='ocrx_word' id='word_1_11' title='bbox 1458 208 1584 291; x_wconf 90' lang='lat' dir='ltr'><strong>quis</strong></span> <span class='ocrx_word' id='word_1_12' title='bbox 1664 230 1695 270; x_wconf 94' lang='lat' dir='ltr'><strong>e</strong></span> <span class='ocrx_word' id='word_1_13' title='bbox 1723 208 1837 271; x_wconf 86' lang='lat' dir='ltr'><strong>dux</strong></span> <span class='ocrx_word' id='word_1_14' title='bbox 1864 210 2130 276; x_wconf 87' lang='lat' dir='ltr'><strong>adhorta-</strong></span> 
     </span>
     <span class='ocr_line' id='line_1_3' title="bbox 296 230 2138 430; baseline -0.002 -76"><span class='ocrx_word' id='word_1_15' title='bbox 296 300 494 374; x_wconf 87' lang='lat' dir='ltr'><strong>torque</strong></span> <span class='ocrx_word' id='word_1_16' title='bbox 515 294 696 353; x_wconf 87' lang='lat' dir='ltr'><strong>factus</strong></span> <span class='ocrx_word' id='word_1_17' title='bbox 727 290 798 352; x_wconf 91' lang='lat' dir='ltr'><strong>ad</strong></span> <span class='ocrx_word' id='word_1_18' title='bbox 830 310 952 351; x_wconf 87' lang='lat' dir='ltr'><strong>rem</strong></span> <span class='ocrx_word' id='word_1_19' title='bbox 976 289 1311 430; x_wconf 53' lang='lat' dir='ltr'><strong>gerendam,</strong></span> <span class='ocrx_word' id='word_1_20' title='bbox 1338 298 1396 351; x_wconf 88' lang='lat' dir='ltr'><strong>et</strong></span> <span class='ocrx_word' id='word_1_21' title='bbox 1422 308 1567 350; x_wconf 84' lang='lat' dir='ltr'><strong>nova</strong></span> <span class='ocrx_word' id='word_1_22' title='bbox 1586 230 1664 350; x_wconf 49' lang='grc' dir='ltr'><strong>Ἐξ</strong></span> <span class='ocrx_word' id='word_1_23' title='bbox 1699 288 1921 371; x_wconf 82' lang='lat' dir='ltr'><strong>integro</strong></span> <span class='ocrx_word' id='word_1_24' title='bbox 1948 313 2138 372; x_wconf 80' lang='lat' dir='ltr'><strong>pugna</strong></span> 
     </span>
     <span class='ocr_line' id='line_1_4' title="bbox 293 369 975 443; baseline -0.006 -10"><span class='ocrx_word' id='word_1_25' title='bbox 293 380 487 433; x_wconf 82' lang='lat' dir='ltr'><strong>exorta</strong></span> <span class='ocrx_word' id='word_1_26' title='bbox 509 379 591 432; x_wconf 80' lang='lat' dir='ltr'><strong>est</strong></span> <span class='ocrx_word' id='word_1_27' title='bbox 609 394 625 443; x_wconf 74' lang='grc' dir='ltr'><strong><em>ς</em></strong></span> <span class='ocrx_word' id='word_1_28' title='bbox 653 390 768 431; x_wconf 89' lang='lat' dir='ltr'><strong>non</strong></span> <span class='ocrx_word' id='word_1_29' title='bbox 794 369 892 431; x_wconf 79' lang='lat' dir='ltr'><strong>illa</strong></span> <span class='ocrx_word' id='word_1_30' title='bbox 911 390 975 430; x_wconf 90' lang='lat' dir='ltr'><strong>or</strong></span> 
     </span>
     <span class='ocr_line' id='line_1_5' title="bbox 295 444 2131 539; baseline -0.002 -26"><span class='ocrx_word' id='word_1_31' title='bbox 295 447 560 524; x_wconf 70' lang='lat' dir='ltr'><strong>triarios,</strong></span> <span class='ocrx_word' id='word_1_32' title='bbox 614 470 720 511; x_wconf 87' lang='lat' dir='ltr'><strong>nec</strong></span> <span class='ocrx_word' id='word_1_33' title='bbox 753 457 819 510; x_wconf 89' lang='lat' dir='ltr'><strong>ut</strong></span> <span class='ocrx_word' id='word_1_34' title='bbox 851 468 954 530; x_wconf 89' lang='lat' dir='ltr'><strong>pro</strong></span> <span class='ocrx_word' id='word_1_35' title='bbox 981 448 1156 539; x_wconf 77' lang='lat' dir='ltr'><strong>signis</strong></span> <span class='ocrx_word' id='word_1_36' title='bbox 1183 444 1615 538; x_wconf 70' lang='lat' dir='ltr'><strong>antesignan1⁸¹⁹,</strong></span> <span class='ocrx_word' id='word_1_37' title='bbox 1638 457 1762 538; x_wconf 86' lang='lat' dir='ltr'><strong>post</strong></span> <span class='ocrx_word' id='word_1_38' title='bbox 1780 449 1943 529; x_wconf 84' lang='lat' dir='ltr'><strong>signa</strong></span> <span class='ocrx_word' id='word_1_39' title='bbox 1961 450 2072 511; x_wconf 87' lang='lat' dir='ltr'><strong>alia</strong></span> <span class='ocrx_word' id='word_1_40' title='bbox 2091 452 2131 489; x_wconf 76' lang='lat'><strong>³⁸</strong></span> 
     </span>
     <span class='ocr_line' id='line_1_6' title="bbox 295 528 2132 611; baseline 0 -22"><span class='ocrx_word' id='word_1_41' title='bbox 295 537 573 611; x_wconf 77' lang='lat' dir='ltr'>pugnaret</span> <span class='ocrx_word' id='word_1_42' title='bbox 596 529 785 606; x_wconf 83' lang='lat' dir='ltr'><strong>acies3</strong></span> <span class='ocrx_word' id='word_1_43' title='bbox 814 548 919 590; x_wconf 87' lang='lat' dir='ltr'><strong>nec</strong></span> <span class='ocrx_word' id='word_1_44' title='bbox 951 537 1017 589; x_wconf 88' lang='lat' dir='ltr'><strong>ut</strong></span> <span class='ocrx_word' id='word_1_45' title='bbox 1048 547 1112 589; x_wconf 88' lang='lat' dir='ltr'><strong>m</strong></span> <span class='ocrx_word' id='word_1_46' title='bbox 1148 548 1250 590; x_wconf 90' lang='lat' dir='ltr'><strong>sua</strong></span> <span class='ocrx_word' id='word_1_47' title='bbox 1275 528 1550 609; x_wconf 64' lang='lat' dir='ltr'><strong>legione³ss</strong></span> <span class='ocrx_word' id='word_1_48' title='bbox 1576 530 1740 587; x_wconf 75' lang='lat' dir='ltr'><strong>miles</strong></span> <span class='ocrx_word' id='word_1_49' title='bbox 1760 537 1858 588; x_wconf 88' lang='lat' dir='ltr'><strong>aut</strong></span> <span class='ocrx_word' id='word_1_50' title='bbox 1885 529 2132 607; x_wconf 79' lang='lat' dir='ltr'><strong>cohorte,</strong></span> 
     </span>
     <span class='ocr_line' id='line_1_7' title="bbox 291 607 2137 690; baseline 0 -21"><span class='ocrx_word' id='word_1_51' title='bbox 291 619 391 669; x_wconf 82' lang='lat' dir='ltr'><strong>aut</strong></span> <span class='ocrx_word' id='word_1_52' title='bbox 411 610 703 690; x_wconf 85' lang='lat' dir='ltr'><strong>manipulo</strong></span> <span class='ocrx_word' id='word_1_53' title='bbox 722 616 888 669; x_wconf 85' lang='lat' dir='ltr'><strong>esset.</strong></span> <span class='ocrx_word' id='word_1_54' title='bbox 912 610 1052 668; x_wconf 88' lang='lat' dir='ltr'><strong>Fors</strong></span> <span class='ocrx_word' id='word_1_55' title='bbox 1072 607 1439 688; x_wconf 61' lang='lat' dir='ltr'><strong>conglobatffl,</strong></span> <span class='ocrx_word' id='word_1_56' title='bbox 1460 616 1514 668; x_wconf 88' lang='lat' dir='ltr'><strong>ct</strong></span> <span class='ocrx_word' id='word_1_57' title='bbox 1531 607 1757 670; x_wconf 87' lang='lat' dir='ltr'><strong>animus</strong></span> <span class='ocrx_word' id='word_1_58' title='bbox 1778 627 1914 668; x_wconf 89' lang='lat' dir='ltr'><strong>suus</strong></span> <span class='ocrx_word' id='word_1_59' title='bbox 1937 608 2024 669; x_wconf 91' lang='lat' dir='ltr'><strong>cui</strong></span> <span class='ocrx_word' id='word_1_60' title='bbox 2106 628 2137 669; x_wconf 81' lang='lat' dir='ltr'><strong>e</strong></span> 
     </span>
     <span class='ocr_line' id='line_1_8' title="bbox 291 685 2141 769; baseline 0 -21"><span class='ocrx_word' id='word_1_61' title='bbox 291 696 423 748; x_wconf 89' lang='lat' dir='ltr'><strong>ante</strong></span> <span class='ocrx_word' id='word_1_62' title='bbox 445 696 544 749; x_wconf 91' lang='lat' dir='ltr'><strong>aut</strong></span> <span class='ocrx_word' id='word_1_63' title='bbox 561 695 697 769; x_wconf 63' lang='lat' dir='ltr'><strong>post⁴</strong></span> <span class='ocrx_word' id='word_1_64' title='bbox 707 686 997 769; x_wconf 85' lang='lat' dir='ltr'><strong>pugnandi</strong></span> <span class='ocrx_word' id='word_1_65' title='bbox 1012 685 1271 748; x_wconf 83' lang='lat' dir='ltr'><strong>ordinem</strong></span> <span class='ocrx_word' id='word_1_66' title='bbox 1290 686 1459 749; x_wconf 85' lang='lat' dir='ltr'><strong>dabat</strong></span> <span class='ocrx_word' id='word_1_67' title='bbox 1483 703 1498 747; x_wconf 76' lang='lat' dir='ltr'><strong>t</strong></span> <span class='ocrx_word' id='word_1_68' title='bbox 1531 693 1832 768; x_wconf 76' lang='lat' dir='ltr'><strong>tantusque</strong></span> <span class='ocrx_word' id='word_1_69' title='bbox 1851 688 1960 748; x_wconf 89' lang='lat' dir='ltr'><strong>fuit</strong></span> <span class='ocrx_word' id='word_1_70' title='bbox 1973 708 2037 748; x_wconf 84' lang='lat' dir='ltr'><strong>ar</strong></span> <span class='ocrx_word' id='word_1_71' title='bbox 2076 708 2141 748; x_wconf 88' lang='lat' dir='ltr'><strong>or</strong></span> 
     </span>
     <span class='ocr_line' id='line_1_9' title="bbox 293 766 2138 856; baseline 0 -29"><span class='ocrx_word' id='word_1_72' title='bbox 293 786 590 828; x_wconf 86' lang='lat' dir='ltr'><strong>armorum</strong></span> <span class='ocrx_word' id='word_1_73' title='bbox 609 768 656 804; x_wconf 79' lang='lat'><strong>⁸⁸</strong></span> <span class='ocrx_word' id='word_1_74' title='bbox 670 779 698 844; x_wconf 74' lang='lat'><strong>,‘</strong></span> <span class='ocrx_word' id='word_1_75' title='bbox 716 767 853 829; x_wconf 76' lang='lat' dir='ltr'><strong>adeo</strong></span> <span class='ocrx_word' id='word_1_76' title='bbox 879 766 1128 828; x_wconf 84' lang='lat' dir='ltr'><strong>intentus</strong></span> <span class='ocrx_word' id='word_1_77' title='bbox 1155 786 1360 856; x_wconf 79' lang='lat' dir='ltr'><strong>pugnae</strong></span> <span class='ocrx_word' id='word_1_78' title='bbox 1380 766 1628 842; x_wconf 78' lang='lat' dir='ltr'><strong>animuS,</strong></span> <span class='ocrx_word' id='word_1_79' title='bbox 1658 774 1725 826; x_wconf 90' lang='lat' dir='ltr'><strong>ut</strong></span> <span class='ocrx_word' id='word_1_80' title='bbox 1749 786 1884 827; x_wconf 90' lang='lat' dir='ltr'><strong>eum</strong></span> <span class='ocrx_word' id='word_1_81' title='bbox 1917 775 2138 854; x_wconf 74' lang='lat' dir='ltr'><strong>motum</strong></span> 
     </span>
     <span class='ocr_line' id='line_1_10' title="bbox 295 844 2140 929; baseline 0 -22"><span class='ocrx_word' id='word_1_82' title='bbox 295 852 461 907; x_wconf 79' lang='lat' dir='ltr'><strong>terroe</strong></span> <span class='ocrx_word' id='word_1_83' title='bbox 481 847 527 884; x_wconf 62' lang='grc' dir='ltr'><strong>θ’</strong></span> <span class='ocrx_word' id='word_1_84' title='bbox 546 891 568 924; x_wconf 82' lang='grc'>,</span> <span class='ocrx_word' id='word_1_85' title='bbox 629 844 729 929; x_wconf 91' lang='lat' dir='ltr'><strong>qui</strong></span> <span class='ocrx_word' id='word_1_86' title='bbox 774 847 1086 908; x_wconf 89' lang='lat' dir='ltr'><strong>multarum</strong></span> <span class='ocrx_word' id='word_1_87' title='bbox 1139 846 1375 906; x_wconf 76' lang='lat' dir='ltr'><strong>urbium</strong></span> <span class='ocrx_word' id='word_1_88' title='bbox 1433 845 1606 908; x_wconf 78' lang='lat' dir='ltr'><strong>ltaliae</strong></span> <span class='ocrx_word' id='word_1_89' title='bbox 1668 844 1943 927; x_wconf 49' lang='lat' dir='ltr'><strong>magna?</strong></span> <span class='ocrx_word' id='word_1_90' title='bbox 1995 855 2140 907; x_wconf 88' lang='lat' dir='ltr'><strong>artes</strong></span> 
     </span>
     <span class='ocr_line' id='line_1_11' title="bbox 296 924 2142 1007; baseline 0.001 -22"><span class='ocrx_word' id='word_1_91' title='bbox 296 924 636 1006; x_wconf 83' lang='lat' dir='ltr'><strong>prostravit,</strong></span> <span class='ocrx_word' id='word_1_92' title='bbox 679 925 990 1007; x_wconf 81' lang='lat' dir='ltr'><strong>avertitque</strong></span> <span class='ocrx_word' id='word_1_93' title='bbox 1032 945 1202 986; x_wconf 88' lang='lat' dir='ltr'><strong>cursu</strong></span> <span class='ocrx_word' id='word_1_94' title='bbox 1237 924 1435 1005; x_wconf 85' lang='lat' dir='ltr'><strong>rapido</strong></span> <span class='ocrx_word' id='word_1_95' title='bbox 1475 929 1672 985; x_wconf 86' lang='lat' dir='ltr'><strong>amnes</strong></span> <span class='ocrx_word' id='word_1_96' title='bbox 1694 969 1714 1000; x_wconf 92' lang='lat'><strong>,</strong></span> <span class='ocrx_word' id='word_1_97' title='bbox 1747 945 1904 986; x_wconf 86' lang='lat' dir='ltr'><strong>mare</strong></span> <span class='ocrx_word' id='word_1_98' title='bbox 1982 926 2142 986; x_wconf 92' lang='lat' dir='ltr'><strong>umi-</strong></span> 
     </span>
     <span class='ocr_line' id='line_1_12' title="bbox 298 1003 2142 1096; baseline 0.001 -33"><span class='ocrx_word' id='word_1_99' title='bbox 298 1003 467 1096; x_wconf 72' lang='lat' dir='ltr'><strong>njbus</strong></span> <span class='ocrx_word' id='word_1_100' title='bbox 485 1004 730 1080; x_wconf 80' lang='lat' dir='ltr'><strong>invexit,</strong></span> <span class='ocrx_word' id='word_1_101' title='bbox 758 1015 979 1066; x_wconf 82' lang='lat' dir='ltr'><strong>montes</strong></span> <span class='ocrx_word' id='word_1_102' title='bbox 997 1006 1157 1086; x_wconf 84' lang='lat' dir='ltr'><strong>lapsu</strong></span> <span class='ocrx_word' id='word_1_103' title='bbox 1176 1003 1393 1085; x_wconf 81' lang='lat' dir='ltr'><strong>ingenti</strong></span> <span class='ocrx_word' id='word_1_104' title='bbox 1414 1004 1656 1084; x_wconf 82' lang='lat' dir='ltr'><strong>proruit,</strong></span> <span class='ocrx_word' id='word_1_105' title='bbox 1680 1024 1848 1066; x_wconf 87' lang='lat' dir='ltr'><strong>nemo</strong></span> <span class='ocrx_word' id='word_1_106' title='bbox 1876 1026 2142 1087; x_wconf 84' lang='lat' dir='ltr'><strong>pugnan-</strong></span> 
     </span>
     <span class='ocr_line' id='line_1_13' title="bbox 297 1084 719 1145; baseline 0.002 -2"><span class='ocrx_word' id='word_1_107' title='bbox 297 1091 444 1145; x_wconf 78' lang='lat' dir='ltr'><strong>tium</strong></span> <span class='ocrx_word' id='word_1_108' title='bbox 466 1084 719 1145; x_wconf 86' lang='lat' dir='ltr'><strong>senserit.</strong></span> 
     </span>
    </p>

    <p class='ocr_par' dir='ltr' id='par_1_3' title="bbox 293 1161 2159 2751">
     <span class='ocr_line' id='line_1_14' title="bbox 377 1161 2137 1245; baseline 0.001 -23"><span class='ocrx_word' id='word_1_109' title='bbox 377 1165 517 1224; x_wconf 88' lang='lat' dir='ltr'><strong>Tres</strong></span> <span class='ocrx_word' id='word_1_110' title='bbox 558 1165 737 1225; x_wconf 85' lang='lat' dir='ltr'><strong>ferme</strong></span> <span class='ocrx_word' id='word_1_111' title='bbox 780 1164 950 1224; x_wconf 88' lang='lat' dir='ltr'><strong>horas</strong></span> <span class='ocrx_word' id='word_1_112' title='bbox 985 1171 1305 1245; x_wconf 84' lang='lat' dir='ltr'><strong>pugnatum</strong></span> <span class='ocrx_word' id='word_1_113' title='bbox 1343 1169 1461 1238; x_wconf 85' lang='lat' dir='ltr'><strong>est,</strong></span> <span class='ocrx_word' id='word_1_114' title='bbox 1500 1170 1556 1223; x_wconf 90' lang='lat' dir='ltr'><strong>et</strong></span> <span class='ocrx_word' id='word_1_115' title='bbox 1596 1161 1807 1244; x_wconf 90' lang='lat' dir='ltr'><strong>ubique</strong></span> <span class='ocrx_word' id='word_1_116' title='bbox 1854 1163 2137 1225; x_wconf 76' lang='lat' dir='ltr'><strong>atrociter.</strong></span> 
     </span>
     <span class='ocr_line' id='line_1_15' title="bbox 296 1240 2144 1332; baseline 0 -29"><span class='ocrx_word' id='word_1_117' title='bbox 296 1241 465 1303; x_wconf 90' lang='lat' dir='ltr'><strong>Circa</strong></span> <span class='ocrx_word' id='word_1_118' title='bbox 488 1243 777 1304; x_wconf 79' lang='lat' dir='ltr'><strong>consulem</strong></span> <span class='ocrx_word' id='word_1_119' title='bbox 803 1249 996 1303; x_wconf 88' lang='lat' dir='ltr'><strong>tamen</strong></span> <span class='ocrx_word' id='word_1_120' title='bbox 1024 1240 1208 1305; x_wconf 87' lang='lat' dir='ltr'><strong>acrior</strong></span> <span class='ocrx_word' id='word_1_121' title='bbox 1233 1240 1601 1332; x_wconf 74' lang='lat' dir='ltr'><strong>infestiorque</strong></span> <span class='ocrx_word' id='word_1_122' title='bbox 1627 1262 1818 1323; x_wconf 84' lang='lat' dir='ltr'><strong>pugna</strong></span> <span class='ocrx_word' id='word_1_123' title='bbox 1844 1250 1950 1303; x_wconf 87' lang='lat' dir='ltr'><strong>est.</strong></span> <span class='ocrx_word' id='word_1_124' title='bbox 1991 1244 2144 1304; x_wconf 86' lang='lat' dir='ltr'><strong>Eum</strong></span> 
     </span>
     <span class='ocr_line' id='line_1_16' title="bbox 293 1320 2140 1403; baseline 0.003 -22"><span class='ocrx_word' id='word_1_125' title='bbox 293 1329 353 1382; x_wconf 86' lang='lat' dir='ltr'><strong>et</strong></span> <span class='ocrx_word' id='word_1_126' title='bbox 378 1320 582 1382; x_wconf 89' lang='lat' dir='ltr'><strong>robora</strong></span> <span class='ocrx_word' id='word_1_127' title='bbox 621 1320 876 1385; x_wconf 81' lang='lat' dir='ltr'><strong>virorum</strong></span> <span class='ocrx_word' id='word_1_128' title='bbox 893 1322 941 1358; x_wconf 75' lang='lat'><strong>‘⁰</strong></span> <span class='ocrx_word' id='word_1_129' title='bbox 975 1321 1378 1403; x_wconf 69' lang='lat' dir='ltr'><strong>sequeBantur,</strong></span> <span class='ocrx_word' id='word_1_130' title='bbox 1420 1329 1478 1381; x_wconf 90' lang='lat' dir='ltr'><strong>et</strong></span> <span class='ocrx_word' id='word_1_131' title='bbox 1515 1342 1658 1402; x_wconf 77' lang='lat' dir='ltr'><strong>ipse,</strong></span> <span class='ocrx_word' id='word_1_132' title='bbox 1688 1341 1934 1402; x_wconf 88' lang='lat' dir='ltr'><strong>quacum</strong></span> <span class='ocrx_word' id='word_1_133' title='bbox 1975 1342 2046 1382; x_wconf 90' lang='lat' dir='ltr'><strong>ue</strong></span> <span class='ocrx_word' id='word_1_134' title='bbox 2083 1330 2140 1387; x_wconf 90' lang='lat' dir='ltr'><strong>in</strong></span> 
     </span>
     <span class='ocr_line' id='line_1_17' title="bbox 297 1399 2143 1482; baseline 0.002 -22"><span class='ocrx_word' id='word_1_135' title='bbox 297 1408 457 1481; x_wconf 86' lang='lat' dir='ltr'><strong>parte</strong></span> <span class='ocrx_word' id='word_1_136' title='bbox 502 1399 685 1482; x_wconf 83' lang='lat' dir='ltr'><strong>premi</strong></span> <span class='ocrx_word' id='word_1_137' title='bbox 729 1420 796 1462; x_wconf 89' lang='lat' dir='ltr'><strong>ac</strong></span> <span class='ocrx_word' id='word_1_138' title='bbox 839 1401 1097 1462; x_wconf 88' lang='lat' dir='ltr'><strong>laborare</strong></span> <span class='ocrx_word' id='word_1_139' title='bbox 1135 1406 1384 1462; x_wconf 78' lang='lat' dir='ltr'><strong>senserat</strong></span> <span class='ocrx_word' id='word_1_140' title='bbox 1437 1417 1589 1477; x_wconf 78' lang='lat' dir='ltr'><strong>suoS,</strong></span> <span class='ocrx_word' id='word_1_141' title='bbox 1642 1399 1885 1481; x_wconf 84' lang='lat' dir='ltr'><strong>impigre</strong></span> <span class='ocrx_word' id='word_1_142' title='bbox 1954 1402 2143 1464; x_wconf 86' lang='lat' dir='ltr'><strong>erebat</strong></span> 
     </span>
     <span class='ocr_line' id='line_1_18' title="bbox 296 1478 2142 1571; baseline -0.001 -31"><span class='ocrx_word' id='word_1_143' title='bbox 296 1498 467 1561; x_wconf 90' lang='lat' dir='ltr'><strong>opem</strong></span> <span class='ocrx_word' id='word_1_144' title='bbox 489 1496 505 1513; x_wconf 91' lang='lat'><strong>·</strong></span> <span class='ocrx_word' id='word_1_145' title='bbox 546 1478 939 1562; x_wconf 80' lang='lat' dir='ltr'><strong>insignemque</strong></span> <span class='ocrx_word' id='word_1_146' title='bbox 972 1478 1147 1542; x_wconf 88' lang='lat' dir='ltr'><strong>armis</strong></span> <span class='ocrx_word' id='word_1_147' title='bbox 1177 1487 1234 1540; x_wconf 90' lang='lat' dir='ltr'><strong>et</strong></span> <span class='ocrx_word' id='word_1_148' title='bbox 1266 1480 1456 1541; x_wconf 88' lang='lat' dir='ltr'><strong>hostes</strong></span> <span class='ocrx_word' id='word_1_149' title='bbox 1489 1499 1717 1541; x_wconf 87' lang='lat' dir='ltr'><strong>summa</strong></span> <span class='ocrx_word' id='word_1_150' title='bbox 1741 1480 1798 1540; x_wconf 86' lang='lat' dir='ltr'><strong>vi</strong></span> <span class='ocrx_word' id='word_1_151' title='bbox 1841 1480 2142 1571; x_wconf 82' lang='lat' dir='ltr'><strong>petebant,</strong></span> 
     </span>
     <span class='ocr_line' id='line_1_19' title="bbox 298 1525 2143 1639; baseline 0 -19"><span class='ocrx_word' id='word_1_152' title='bbox 298 1566 355 1620; x_wconf 84' lang='lat' dir='ltr'><strong>et</strong></span> <span class='ocrx_word' id='word_1_153' title='bbox 388 1525 696 1622; x_wconf 78' lang='lat' dir='ltr'><strong>tuebantur</strong></span> <span class='ocrx_word' id='word_1_154' title='bbox 730 1558 878 1621; x_wconf 86' lang='lat' dir='ltr'><strong>cives</strong></span> <span class='ocrx_word' id='word_1_155' title='bbox 908 1576 926 1621; x_wconf 72' lang='grc' dir='ltr'><strong><em>ε</em></strong></span> <span class='ocrx_word' id='word_1_156' title='bbox 956 1559 1134 1620; x_wconf 86' lang='lat' dir='ltr'><strong>donec</strong></span> <span class='ocrx_word' id='word_1_157' title='bbox 1166 1558 1400 1620; x_wconf 84' lang='lat' dir='ltr'><strong>insuber</strong></span> <span class='ocrx_word' id='word_1_158' title='bbox 1507 1579 1606 1620; x_wconf 88' lang='lat' dir='ltr'><strong>ues</strong></span> <span class='ocrx_word' id='word_1_159' title='bbox 1633 1561 1900 1639; x_wconf 74' lang='lat' dir='ltr'><strong>(Ducarro</strong></span> <span class='ocrx_word' id='word_1_160' title='bbox 1936 1567 2143 1620; x_wconf 81' lang='lat' dir='ltr'><strong>nomen</strong></span> 
     </span>
     <span class='ocr_line' id='line_1_20' title="bbox 298 1637 2142 1729; baseline -0.001 -29"><span class='ocrx_word' id='word_1_161' title='bbox 298 1642 439 1719; x_wconf 87' lang='lat' dir='ltr'><strong>erat)</strong></span> <span class='ocrx_word' id='word_1_162' title='bbox 464 1638 605 1700; x_wconf 88' lang='lat' dir='ltr'><strong>facie</strong></span> <span class='ocrx_word' id='word_1_163' title='bbox 630 1659 855 1729; x_wconf 86' lang='lat' dir='ltr'><strong>quoque</strong></span> <span class='ocrx_word' id='word_1_164' title='bbox 878 1638 1161 1701; x_wconf 78' lang='lat' dir='ltr'><strong>noscitans</strong></span> <span class='ocrx_word' id='word_1_165' title='bbox 1191 1655 1207 1700; x_wconf 73' lang='grc' dir='ltr'><strong><em>ε</em></strong></span> <span class='ocrx_word' id='word_1_166' title='bbox 1247 1659 1280 1698; x_wconf 77' lang='grc' dir='ltr'><strong>(ι</strong></span> <span class='ocrx_word' id='word_1_167' title='bbox 1311 1640 1500 1700; x_wconf 85' lang='lat' dir='ltr'><strong>Consu</strong></span> <span class='ocrx_word' id='word_1_168' title='bbox 1549 1660 1644 1716; x_wconf 90' lang='lat' dir='ltr'><strong>en,</strong></span> <span class='ocrx_word' id='word_1_169' title='bbox 1674 1638 1886 1720; x_wconf 89' lang='lat' dir='ltr'><strong>inquit,</strong></span> <span class='ocrx_word' id='word_1_170' title='bbox 1913 1637 2008 1700; x_wconf 89' lang='lat' dir='ltr'><strong>hic</strong></span> <span class='ocrx_word' id='word_1_171' title='bbox 2033 1646 2142 1715; x_wconf 90' lang='lat' dir='ltr'><strong>est,</strong></span> 
     </span>
     <span class='ocr_line' id='line_1_21' title="bbox 300 1717 2146 1800; baseline -0.001 -20"><span class='ocrx_word' id='word_1_172' title='bbox 300 1739 372 1798; x_wconf 90' lang='lat' dir='ltr'><strong>po</strong></span> <span class='ocrx_word' id='word_1_173' title='bbox 413 1718 668 1780; x_wconf 90' lang='lat' dir='ltr'><strong>ularibus</strong></span> <span class='ocrx_word' id='word_1_174' title='bbox 698 1739 815 1780; x_wconf 75' lang='lat' dir='ltr'><strong>suls</strong></span> <span class='ocrx_word' id='word_1_175' title='bbox 825 1762 847 1795; x_wconf 90' lang='lat'><strong>,</strong></span> <span class='ocrx_word' id='word_1_176' title='bbox 883 1717 982 1800; x_wconf 89' lang='lat' dir='ltr'><strong>qui</strong></span> <span class='ocrx_word' id='word_1_177' title='bbox 1010 1720 1062 1779; x_wconf 87' lang='lat' dir='ltr'><strong>le</strong></span> <span class='ocrx_word' id='word_1_178' title='bbox 1102 1717 1256 1779; x_wconf 86' lang='lat' dir='ltr'><strong>iones</strong></span> <span class='ocrx_word' id='word_1_179' title='bbox 1289 1725 1508 1779; x_wconf 86' lang='lat' dir='ltr'><strong>nostras</strong></span> <span class='ocrx_word' id='word_1_180' title='bbox 1538 1717 1764 1793; x_wconf 89' lang='lat' dir='ltr'><strong>cecidit,</strong></span> <span class='ocrx_word' id='word_1_181' title='bbox 1792 1738 2063 1799; x_wconf 81' lang='lat' dir='ltr'><strong>agrosque</strong></span> <span class='ocrx_word' id='word_1_182' title='bbox 2090 1734 2146 1779; x_wconf 80' lang='lat' dir='ltr'><strong>et</strong></span> 
     </span>
     <span class='ocr_line' id='line_1_22' title="bbox 300 1740 2146 1878; baseline -0.001 -20"><span class='ocrx_word' id='word_1_183' title='bbox 300 1818 372 1858; x_wconf 85' lang='lat' dir='ltr'><strong>ur</strong></span> <span class='ocrx_word' id='word_1_184' title='bbox 411 1817 500 1859; x_wconf 88' lang='lat' dir='ltr'><strong>em</strong></span> <span class='ocrx_word' id='word_1_185' title='bbox 529 1806 617 1859; x_wconf 88' lang='lat' dir='ltr'><strong>est</strong></span> <span class='ocrx_word' id='word_1_186' title='bbox 641 1797 709 1859; x_wconf 88' lang='lat' dir='ltr'><strong>de</strong></span> <span class='ocrx_word' id='word_1_187' title='bbox 823 1799 1031 1859; x_wconf 77' lang='lat' dir='ltr'><strong>ulatuS.</strong></span> <span class='ocrx_word' id='word_1_188' title='bbox 1063 1740 1200 1859; x_wconf 47' lang='grc' dir='ltr'><strong>ἔασι</strong></span> <span class='ocrx_word' id='word_1_189' title='bbox 1240 1816 1346 1878; x_wconf 80' lang='lat' dir='ltr'><strong>ego</strong></span> <span class='ocrx_word' id='word_1_190' title='bbox 1376 1798 1525 1858; x_wconf 89' lang='lat' dir='ltr'><strong>hanc</strong></span> <span class='ocrx_word' id='word_1_191' title='bbox 1553 1793 1843 1858; x_wconf 79' lang='lat' dir='ltr'><strong>victimam</strong></span> <span class='ocrx_word' id='word_1_192' title='bbox 1883 1798 2146 1859; x_wconf 87' lang='lat' dir='ltr'><strong>manibus</strong></span> 
     </span>
     <span class='ocr_line' id='line_1_23' title="bbox 301 1875 2146 1959; baseline 0 -22"><span class='ocrx_word' id='word_1_193' title='bbox 301 1886 729 1959; x_wconf 88' lang='lat' dir='ltr'><strong>peremptorum</strong></span> <span class='ocrx_word' id='word_1_194' title='bbox 785 1876 911 1939; x_wconf 83' lang='lat' dir='ltr'><strong>oede</strong></span> <span class='ocrx_word' id='word_1_195' title='bbox 937 1876 1152 1939; x_wconf 90' lang='lat' dir='ltr'><strong>civium</strong></span> <span class='ocrx_word' id='word_1_196' title='bbox 1184 1875 1333 1938; x_wconf 91' lang='lat' dir='ltr'><strong>dabo</strong></span> <span class='ocrx_word' id='word_1_197' title='bbox 1360 1893 1376 1937; x_wconf 72' lang='grc' dir='ltr'><strong><em>ε</em></strong></span> <span class='ocrx_word' id='word_1_198' title='bbox 1402 1898 1432 1935; x_wconf 83' lang='lat'><strong>›&gt;</strong></span> <span class='ocrx_word' id='word_1_199' title='bbox 1465 1875 1816 1958; x_wconf 87' lang='lat' dir='ltr'><strong>subditisque</strong></span> <span class='ocrx_word' id='word_1_200' title='bbox 1837 1875 2146 1938; x_wconf 83' lang='lat' dir='ltr'><strong>calcaribus</strong></span> 
     </span>
     <span class='ocr_line' id='line_1_24' title="bbox 301 1955 2143 2037; baseline -0.001 -20"><span class='ocrx_word' id='word_1_201' title='bbox 301 1976 332 2017; x_wconf 93' lang='lat' dir='ltr'><strong>e</strong></span> <span class='ocrx_word' id='word_1_202' title='bbox 372 1978 472 2033; x_wconf 92' lang='lat' dir='ltr'><strong>uo,</strong></span> <span class='ocrx_word' id='word_1_203' title='bbox 502 1977 602 2037; x_wconf 86' lang='lat' dir='ltr'><strong>per</strong></span> <span class='ocrx_word' id='word_1_204' title='bbox 622 1956 1097 2018; x_wconf 85' lang='lat' dir='ltr'><strong>confertissimam</strong></span> <span class='ocrx_word' id='word_1_205' title='bbox 1122 1955 1378 2017; x_wconf 82' lang='lat' dir='ltr'><strong>hostium</strong></span> <span class='ocrx_word' id='word_1_206' title='bbox 1413 1955 1643 2017; x_wconf 81' lang='lat' dir='ltr'><strong>turbam</strong></span> <span class='ocrx_word' id='word_1_207' title='bbox 1670 1955 1954 2036; x_wconf 89' lang='lat' dir='ltr'><strong>impetum</strong></span> <span class='ocrx_word' id='word_1_208' title='bbox 1981 1955 2143 2031; x_wconf 80' lang='lat' dir='ltr'><strong>facit,</strong></span> 
     </span>
     <span class='ocr_line' id='line_1_25' title="bbox 304 1978 2146 2129; baseline -0.001 -33"><span class='ocrx_word' id='word_1_209' title='bbox 304 1978 749 2129; x_wconf 50' lang='lat' dir='ltr'><strong>obtruncatoque</strong></span> <span class='ocrx_word' id='word_1_210' title='bbox 799 2036 958 2116; x_wconf 84' lang='lat' dir='ltr'><strong>prius</strong></span> <span class='ocrx_word' id='word_1_211' title='bbox 1012 2035 1297 2116; x_wconf 87' lang='lat' dir='ltr'><strong>armigero</strong></span> <span class='ocrx_word' id='word_1_212' title='bbox 1312 2081 1334 2112; x_wconf 88' lang='lat'><strong>,</strong></span> <span class='ocrx_word' id='word_1_213' title='bbox 1378 2041 1477 2117; x_wconf 89' lang='lat' dir='ltr'><strong>qui</strong></span> <span class='ocrx_word' id='word_1_214' title='bbox 1538 2055 1597 2097; x_wconf 88' lang='lat' dir='ltr'><strong>se</strong></span> <span class='ocrx_word' id='word_1_215' title='bbox 1645 2034 1847 2096; x_wconf 87' lang='lat' dir='ltr'><strong>infesto</strong></span> <span class='ocrx_word' id='word_1_216' title='bbox 1903 2034 2146 2097; x_wconf 75' lang='lat' dir='ltr'><strong>venienti</strong></span> 
     </span>
     <span class='ocr_line' id='line_1_26' title="bbox 303 2114 2151 2196; baseline 0 -21"><span class='ocrx_word' id='word_1_217' title='bbox 303 2114 529 2175; x_wconf 85' lang='lat' dir='ltr'><strong>obviam</strong></span> <span class='ocrx_word' id='word_1_218' title='bbox 574 2115 878 2196; x_wconf 66' lang='lat' dir='ltr'><strong>objecerat,</strong></span> <span class='ocrx_word' id='word_1_219' title='bbox 927 2116 1235 2176; x_wconf 87' lang='lat' dir='ltr'><strong>consulem·</strong></span> <span class='ocrx_word' id='word_1_220' title='bbox 1258 2116 1452 2176; x_wconf 84' lang='lat' dir='ltr'><strong>lancea</strong></span> <span class='ocrx_word' id='word_1_221' title='bbox 1517 2114 1795 2175; x_wconf 85' lang='lat' dir='ltr'><strong>transfixit</strong></span> <span class='ocrx_word' id='word_1_222' title='bbox 1845 2132 1862 2177; x_wconf 73' lang='grc' dir='ltr'><em>τ</em></span> <span class='ocrx_word' id='word_1_223' title='bbox 1912 2114 2151 2195; x_wconf 89' lang='lat' dir='ltr'><strong>spoliare</strong></span> 
     </span>
     <span class='ocr_line' id='line_1_27' title="bbox 303 2192 2153 2275; baseline -0.001 -21"><span class='ocrx_word' id='word_1_224' title='bbox 303 2193 658 2273; x_wconf 88' lang='lat' dir='ltr'><strong>cupientem,</strong></span> <span class='ocrx_word' id='word_1_225' title='bbox 703 2192 887 2254; x_wconf 86' lang='lat' dir='ltr'><strong>triarii</strong></span> <span class='ocrx_word' id='word_1_226' title='bbox 928 2193 1161 2275; x_wconf 86' lang='lat' dir='ltr'><strong>objectis</strong></span> <span class='ocrx_word' id='word_1_227' title='bbox 1196 2193 1372 2255; x_wconf 90' lang='lat' dir='ltr'><strong>scutis</strong></span> <span class='ocrx_word' id='word_1_228' title='bbox 1406 2213 1659 2258; x_wconf 82' lang='lat' dir='ltr'><strong>arcuere.</strong></span> <span class='ocrx_word' id='word_1_229' title='bbox 1711 2195 1926 2274; x_wconf 82' lang='lat' dir='ltr'><strong>Magnae</strong></span> <span class='ocrx_word' id='word_1_230' title='bbox 1974 2194 2153 2273; x_wconf 86' lang='lat' dir='ltr'><strong>partis</strong></span> 
     </span>
     <span class='ocr_line' id='line_1_28' title="bbox 306 2271 2153 2354; baseline 0 -21"><span class='ocrx_word' id='word_1_231' title='bbox 306 2274 439 2353; x_wconf 86' lang='lat' dir='ltr'><strong>fuga</strong></span> <span class='ocrx_word' id='word_1_232' title='bbox 472 2271 605 2333; x_wconf 90' lang='lat' dir='ltr'><strong>inde</strong></span> <span class='ocrx_word' id='word_1_233' title='bbox 650 2272 905 2354; x_wconf 89' lang='lat' dir='ltr'><strong>primum</strong></span> <span class='ocrx_word' id='word_1_234' title='bbox 938 2272 1149 2354; x_wconf 86' lang='lat' dir='ltr'><strong>coepit:</strong></span> <span class='ocrx_word' id='word_1_235' title='bbox 1181 2280 1237 2333; x_wconf 89' lang='lat' dir='ltr'><strong>et</strong></span> <span class='ocrx_word' id='word_1_236' title='bbox 1268 2273 1390 2353; x_wconf 88' lang='lat' dir='ltr'><strong>jam</strong></span> <span class='ocrx_word' id='word_1_237' title='bbox 1426 2294 1532 2335; x_wconf 91' lang='lat' dir='ltr'><strong>nec</strong></span> <span class='ocrx_word' id='word_1_238' title='bbox 1569 2275 1724 2335; x_wconf 85' lang='lat' dir='ltr'><strong>lacus</strong></span> <span class='ocrx_word' id='word_1_239' title='bbox 1745 2318 1767 2349; x_wconf 88' lang='lat'><strong>,</strong></span> <span class='ocrx_word' id='word_1_240' title='bbox 1798 2292 1900 2333; x_wconf 86' lang='lat' dir='ltr'><strong>nec</strong></span> <span class='ocrx_word' id='word_1_241' title='bbox 1927 2281 2153 2333; x_wconf 86' lang='lat' dir='ltr'><strong>montes</strong></span> 
     </span>
     <span class='ocr_line' id='line_1_29' title="bbox 304 2351 2156 2435; baseline -0.001 -22"><span class='ocrx_word' id='word_1_242' title='bbox 304 2351 603 2413; x_wconf 85' lang='lat' dir='ltr'><strong>obstabant</strong></span> <span class='ocrx_word' id='word_1_243' title='bbox 643 2353 836 2433; x_wconf 88' lang='lat' dir='ltr'><strong>pavori</strong></span> <span class='ocrx_word' id='word_1_244' title='bbox 887 2371 903 2414; x_wconf 70' lang='grc' dir='ltr'>ε</span> <span class='ocrx_word' id='word_1_245' title='bbox 955 2373 1056 2434; x_wconf 90' lang='lat' dir='ltr'><strong>per</strong></span> <span class='ocrx_word' id='word_1_246' title='bbox 1109 2353 1305 2413; x_wconf 85' lang='lat' dir='ltr'><strong>omnia</strong></span> <span class='ocrx_word' id='word_1_247' title='bbox 1361 2362 1516 2415; x_wconf 88' lang='lat' dir='ltr'><strong>arcta</strong></span> <span class='ocrx_word' id='word_1_248' title='bbox 1546 2360 1961 2435; x_wconf 74' lang='lat' dir='ltr'><strong>,proeruptaque</strong></span> <span class='ocrx_word' id='word_1_249' title='bbox 1999 2353 2156 2413; x_wconf 80' lang='lat' dir='ltr'><strong>velut</strong></span> 
     </span>
     <span class='ocr_line' id='line_1_30' title="bbox 304 2431 2155 2514; baseline -0.002 -21"><span class='ocrx_word' id='word_1_250' title='bbox 304 2432 441 2493; x_wconf 90' lang='lat' dir='ltr'><strong>coeci</strong></span> <span class='ocrx_word' id='word_1_251' title='bbox 477 2431 725 2514; x_wconf 70' lang='lat' dir='ltr'><strong>evadunt</strong></span> <span class='ocrx_word' id='word_1_252' title='bbox 739 2447 759 2510; x_wconf 83' lang='lat'>3</span> <span class='ocrx_word' id='word_1_253' title='bbox 798 2452 1070 2513; x_wconf 90' lang='lat' dir='ltr'><strong>armaque</strong></span> <span class='ocrx_word' id='word_1_254' title='bbox 1102 2440 1159 2493; x_wconf 91' lang='lat' dir='ltr'><strong>et</strong></span> <span class='ocrx_word' id='word_1_255' title='bbox 1198 2431 1307 2492; x_wconf 84' lang='lat' dir='ltr'><strong>viri</strong></span> <span class='ocrx_word' id='word_1_256' title='bbox 1344 2452 1514 2513; x_wconf 87' lang='lat' dir='ltr'><strong>super</strong></span> <span class='ocrx_word' id='word_1_257' title='bbox 1550 2431 1730 2493; x_wconf 89' lang='lat' dir='ltr'><strong>alium</strong></span> <span class='ocrx_word' id='word_1_258' title='bbox 1763 2431 1860 2494; x_wconf 85' lang='lat' dir='ltr'><strong>alii</strong></span> <span class='ocrx_word' id='word_1_259' title='bbox 1888 2431 2155 2512; x_wconf 85' lang='lat' dir='ltr'><strong>praecipi-</strong></span> 
     </span>
     <span class='ocr_line' id='line_1_31' title="bbox 307 2510 2157 2593; baseline 0.001 -22"><span class='ocrx_word' id='word_1_260' title='bbox 307 2520 520 2573; x_wconf 89' lang='lat' dir='ltr'><strong>tantur.</strong></span> <span class='ocrx_word' id='word_1_261' title='bbox 555 2514 692 2574; x_wconf 86' lang='lat' dir='ltr'><strong>Pars</strong></span> <span class='ocrx_word' id='word_1_262' title='bbox 719 2531 958 2593; x_wconf 84' lang='lat' dir='ltr'><strong>magna,</strong></span> <span class='ocrx_word' id='word_1_263' title='bbox 987 2511 1087 2572; x_wconf 92' lang='lat' dir='ltr'><strong>ubi</strong></span> <span class='ocrx_word' id='word_1_264' title='bbox 1115 2514 1271 2572; x_wconf 89' lang='lat' dir='ltr'><strong>locus</strong></span> <span class='ocrx_word' id='word_1_265' title='bbox 1301 2512 1448 2592; x_wconf 83' lang='lat' dir='ltr'><strong>fugae</strong></span> <span class='ocrx_word' id='word_1_266' title='bbox 1468 2512 1655 2588; x_wconf 83' lang='lat' dir='ltr'><strong>deest,</strong></span> <span class='ocrx_word' id='word_1_267' title='bbox 1685 2532 1785 2592; x_wconf 91' lang='lat' dir='ltr'><strong>per</strong></span> <span class='ocrx_word' id='word_1_268' title='bbox 1805 2510 1993 2592; x_wconf 88' lang='lat' dir='ltr'><strong>prima</strong></span> <span class='ocrx_word' id='word_1_269' title='bbox 2015 2511 2157 2572; x_wconf 81' lang='lat' dir='ltr'><strong>vada</strong></span> 
     </span>
     <span class='ocr_line' id='line_1_32' title="bbox 307 2590 2156 2675; baseline -0.001 -23"><span class='ocrx_word' id='word_1_270' title='bbox 307 2591 529 2671; x_wconf 84' lang='lat' dir='ltr'><strong>paludis</strong></span> <span class='ocrx_word' id='word_1_271' title='bbox 560 2591 621 2652; x_wconf 90' lang='lat' dir='ltr'><strong>in</strong></span> <span class='ocrx_word' id='word_1_272' title='bbox 656 2612 864 2675; x_wconf 87' lang='lat' dir='ltr'><strong>aquam</strong></span> <span class='ocrx_word' id='word_1_273' title='bbox 899 2590 1202 2673; x_wconf 86' lang='lat' dir='ltr'><strong>progressi,</strong></span> <span class='ocrx_word' id='word_1_274' title='bbox 1233 2590 1419 2672; x_wconf 87' lang='lat' dir='ltr'><strong>quoad</strong></span> <span class='ocrx_word' id='word_1_275' title='bbox 1460 2590 1737 2671; x_wconf 87' lang='lat' dir='ltr'><strong>capitibus</strong></span> <span class='ocrx_word' id='word_1_276' title='bbox 1790 2590 2156 2671; x_wconf 84' lang='lat' dir='ltr'><strong>humerisque</strong></span> 
     </span>
     <span class='ocr_line' id='line_1_33' title="bbox 307 2670 2159 2751; baseline 0.001 -21"><span class='ocrx_word' id='word_1_277' title='bbox 307 2680 519 2733; x_wconf 79' lang='lat' dir='ltr'><strong>exstare</strong></span> <span class='ocrx_word' id='word_1_278' title='bbox 563 2672 883 2751; x_wconf 69' lang='lat' dir='ltr'><strong>possunt⁴¹,</strong></span> <span class='ocrx_word' id='word_1_279' title='bbox 932 2692 1050 2733; x_wconf 90' lang='lat' dir='ltr'><strong>sese</strong></span> <span class='ocrx_word' id='word_1_280' title='bbox 1097 2671 1472 2751; x_wconf 85' lang='lat' dir='ltr'><strong>immergunt.</strong></span> <span class='ocrx_word' id='word_1_281' title='bbox 1531 2672 1712 2731; x_wconf 88' lang='lat' dir='ltr'><strong>Fuere</strong></span> <span class='ocrx_word' id='word_1_282' title='bbox 1757 2691 1899 2751; x_wconf 89' lang='lat' dir='ltr'><strong>quos</strong></span> <span class='ocrx_word' id='word_1_283' title='bbox 1951 2670 2159 2731; x_wconf 87' lang='lat' dir='ltr'><strong>incon-</strong></span> 
     </span>
    </p>
   </div>
   <div class='ocr_carea' id='block_1_3' title="bbox 310 2806 2159 3551">
    <p class='ocr_par' dir='ltr' id='par_1_4' title="bbox 310 2806 1966 2917">
     <span class='ocr_line' id='line_1_34' title="bbox 364 2806 1706 2864; baseline 0 -15"><span class='ocrx_word' id='word_1_284' title='bbox 364 2806 410 2841; x_wconf 78' lang='grc'><strong>33</strong></span> <span class='ocrx_word' id='word_1_285' title='bbox 439 2807 526 2851; x_wconf 85' lang='lat' dir='ltr'><strong>Per</strong></span> <span class='ocrx_word' id='word_1_286' title='bbox 556 2808 798 2863; x_wconf 74' lang='lat' dir='ltr'><strong>principes.</strong></span> <span class='ocrx_word' id='word_1_287' title='bbox 832 2811 948 2864; x_wconf 87' lang='lat' dir='ltr'><strong>Voy.</strong></span> <span class='ocrx_word' id='word_1_288' title='bbox 979 2809 1027 2853; x_wconf 83' lang='lat' dir='ltr'><strong>la</strong></span> <span class='ocrx_word' id='word_1_289' title='bbox 1054 2821 1206 2853; x_wconf 82' lang='lat' dir='ltr'><strong>narra·</strong></span> <span class='ocrx_word' id='word_1_290' title='bbox 1258 2814 1384 2853; x_wconf 85' lang='lat' dir='ltr'><strong>ment</strong></span> <span class='ocrx_word' id='word_1_291' title='bbox 1405 2822 1461 2852; x_wconf 85' lang='lat' dir='ltr'><strong>au</strong></span> <span class='ocrx_word' id='word_1_292' title='bbox 1484 2809 1660 2852; x_wconf 77' lang='lat' dir='ltr'><strong>hasard.</strong></span> <span class='ocrx_word' id='word_1_293' title='bbox 1682 2823 1706 2848; x_wconf 81' lang='lat'><strong>»</strong></span> 
     </span>
     <span class='ocr_line' id='line_1_35' title="bbox 310 2858 1966 2917; baseline 0.001 -14"><span class='ocrx_word' id='word_1_294' title='bbox 310 2865 406 2903; x_wconf 81' lang='lat' dir='ltr'><strong>tion</strong></span> <span class='ocrx_word' id='word_1_295' title='bbox 430 2862 487 2903; x_wconf 81' lang='lat' dir='ltr'><strong>de</strong></span> <span class='ocrx_word' id='word_1_296' title='bbox 516 2858 664 2913; x_wconf 77' lang='lat' dir='ltr'><strong>Pulfio</strong></span> <span class='ocrx_word' id='word_1_297' title='bbox 686 2865 725 2903; x_wconf 69' lang='lat' dir='ltr'><strong>et</strong></span> <span class='ocrx_word' id='word_1_298' title='bbox 747 2861 800 2903; x_wconf 81' lang='lat' dir='ltr'><strong>de</strong></span> <span class='ocrx_word' id='word_1_299' title='bbox 834 2862 1061 2912; x_wconf 76' lang='lat' dir='ltr'><strong>Varenus,</strong></span> <span class='ocrx_word' id='word_1_300' title='bbox 1092 2875 1204 2917; x_wconf 79' lang='lat' dir='ltr'><strong>page</strong></span> <span class='ocrx_word' id='word_1_301' title='bbox 1312 2861 1356 2896; x_wconf 76' lang='lat'><strong>³8</strong></span> <span class='ocrx_word' id='word_1_302' title='bbox 1386 2862 1640 2910; x_wconf 76' lang='lat' dir='ltr'><strong>Armorum,</strong></span> <span class='ocrx_word' id='word_1_303' title='bbox 1661 2875 1683 2899; x_wconf 70' lang='grc' dir='ltr'><strong><em>ι</em></strong></span> <span class='ocrx_word' id='word_1_304' title='bbox 1702 2862 1759 2905; x_wconf 83' lang='lat' dir='ltr'><strong>de</strong></span> <span class='ocrx_word' id='word_1_305' title='bbox 1777 2861 1825 2904; x_wconf 84' lang='lat' dir='ltr'><strong>Ia</strong></span> <span class='ocrx_word' id='word_1_306' title='bbox 1840 2861 1966 2905; x_wconf 83' lang='lat' dir='ltr'><strong>lutte-</strong></span> 
     </span>
    </p>

    <p class='ocr_par' dir='ltr' id='par_1_5' title="bbox 310 2912 2156 2958">
     <span class='ocr_line' id='line_1_36' title="bbox 310 2912 2156 2958; baseline -0.001 -1"><span class='ocrx_word' id='word_1_307' title='bbox 310 2915 358 2955; x_wconf 75' lang='lat'><strong>21</strong></span> <span class='ocrx_word' id='word_1_308' title='bbox 398 2917 505 2955; x_wconf 83' lang='lat' dir='ltr'><strong>note</strong></span> <span class='ocrx_word' id='word_1_309' title='bbox 522 2913 562 2953; x_wconf 85' lang='lat'><strong>3.</strong></span> <span class='ocrx_word' id='word_1_310' title='bbox 1312 2915 1358 2949; x_wconf 73' lang='lat'><strong>89</strong></span> <span class='ocrx_word' id='word_1_311' title='bbox 1387 2914 1504 2958; x_wconf 78' lang='lat' dir='ltr'><strong>Eum</strong></span> <span class='ocrx_word' id='word_1_312' title='bbox 1535 2919 1698 2958; x_wconf 78' lang='lat' dir='ltr'><strong>motum</strong></span> <span class='ocrx_word' id='word_1_313' title='bbox 1733 2916 1880 2957; x_wconf 76' lang='lat' dir='ltr'><strong>terrae.</strong></span> <span class='ocrx_word' id='word_1_314' title='bbox 1922 2912 1986 2957; x_wconf 82' lang='lat' dir='ltr'><strong>Ge</strong></span> <span class='ocrx_word' id='word_1_315' title='bbox 2022 2923 2156 2956; x_wconf 73' lang='lat' dir='ltr'><strong>trem-</strong></span> 
     </span>
    </p>

    <p class='ocr_par' dir='ltr' id='par_1_6' title="bbox 311 2944 2157 3183">
     <span class='ocr_line' id='line_1_37' title="bbox 366 2944 2155 3022; baseline 0.001 -15"><span class='ocrx_word' id='word_1_316' title='bbox 366 2944 411 3000; x_wconf 58' lang='lat'><strong>3*</strong></span> <span class='ocrx_word' id='word_1_317' title='bbox 439 2964 751 3021; x_wconf 73' lang='lat' dir='ltr'><strong>Antesiynani.</strong></span> <span class='ocrx_word' id='word_1_318' title='bbox 796 2965 956 3011; x_wconf 74' lang='lat' dir='ltr'><strong>C&#39;etait</strong></span> <span class='ocrx_word' id='word_1_319' title='bbox 1005 2969 1049 3011; x_wconf 89' lang='lat' dir='ltr'><strong>le</strong></span> <span class='ocrx_word' id='word_1_320' title='bbox 1099 2980 1204 3011; x_wconf 90' lang='lat' dir='ltr'><strong>nom</strong></span> <span class='ocrx_word' id='word_1_321' title='bbox 1256 2970 1460 3013; x_wconf 84' lang='lat' dir='ltr'><strong>blement</strong></span> <span class='ocrx_word' id='word_1_322' title='bbox 1492 2970 1549 3011; x_wconf 84' lang='lat' dir='ltr'><strong>de</strong></span> <span class='ocrx_word' id='word_1_323' title='bbox 1579 2973 1696 3011; x_wconf 83' lang='lat' dir='ltr'><strong>terre</strong></span> <span class='ocrx_word' id='word_1_324' title='bbox 1733 2972 1803 3011; x_wconf 80' lang='lat' dir='ltr'><strong>est</strong></span> <span class='ocrx_word' id='word_1_325' title='bbox 1835 2964 2043 3022; x_wconf 63' lang='lat' dir='ltr'><strong>rapport&amp;</strong></span> <span class='ocrx_word' id='word_1_326' title='bbox 2076 2976 2155 3020; x_wconf 77' lang='lat' dir='ltr'><strong>par</strong></span> 
     </span>
     <span class='ocr_line' id='line_1_38' title="bbox 311 3017 2157 3075; baseline 0 -14"><span class='ocrx_word' id='word_1_327' title='bbox 311 3030 417 3062; x_wconf 81' lang='lat' dir='ltr'><strong>sous</strong></span> <span class='ocrx_word' id='word_1_328' title='bbox 442 3017 589 3072; x_wconf 86' lang='lat' dir='ltr'><strong>lequel</strong></span> <span class='ocrx_word' id='word_1_329' title='bbox 621 3030 680 3061; x_wconf 88' lang='lat' dir='ltr'><strong>on</strong></span> <span class='ocrx_word' id='word_1_330' title='bbox 704 3017 924 3073; x_wconf 71' lang='lat' dir='ltr'><strong>designait</strong></span> <span class='ocrx_word' id='word_1_331' title='bbox 943 3022 1009 3063; x_wconf 87' lang='lat' dir='ltr'><strong>les</strong></span> <span class='ocrx_word' id='word_1_332' title='bbox 1032 3019 1204 3063; x_wconf 76' lang='lat' dir='ltr'><strong>hastati</strong></span> <span class='ocrx_word' id='word_1_333' title='bbox 1260 3020 1448 3067; x_wconf 71' lang='lat' dir='ltr'><strong>Ciceron</strong></span> <span class='ocrx_word' id='word_1_334' title='bbox 1486 3020 1556 3075; x_wconf 80' lang='lat' dir='ltr'><strong>(de</strong></span> <span class='ocrx_word' id='word_1_335' title='bbox 1591 3020 1825 3069; x_wconf 68' lang='lat' dir='ltr'><strong>Divinat„</strong></span> <span class='ocrx_word' id='word_1_336' title='bbox 1864 3031 1908 3073; x_wconf 89' lang='lat'><strong>1,</strong></span> <span class='ocrx_word' id='word_1_337' title='bbox 1945 3019 2013 3073; x_wconf 83' lang='lat'><strong>35)</strong></span> <span class='ocrx_word' id='word_1_338' title='bbox 2078 3032 2157 3073; x_wconf 81' lang='lat' dir='ltr'><strong>par</strong></span> 
     </span>
     <span class='ocr_line' id='line_1_39' title="bbox 312 3050 2155 3136; baseline 0.002 -24"><span class='ocrx_word' id='word_1_339' title='bbox 312 3077 359 3113; x_wconf 80' lang='lat' dir='ltr'><strong>et</strong></span> <span class='ocrx_word' id='word_1_340' title='bbox 377 3073 444 3114; x_wconf 87' lang='lat' dir='ltr'><strong>les</strong></span> <span class='ocrx_word' id='word_1_341' title='bbox 461 3070 694 3135; x_wconf 57' lang='lat' dir='ltr'><strong>principes</strong></span> <span class='ocrx_word' id='word_1_342' title='bbox 713 3073 788 3126; x_wconf 89' lang='lat' dir='ltr'><strong>qui</strong></span> <span class='ocrx_word' id='word_1_343' title='bbox 810 3073 1129 3116; x_wconf 80' lang='lat' dir='ltr'><strong>combattaient</strong></span> <span class='ocrx_word' id='word_1_344' title='bbox 1148 3086 1205 3116; x_wconf 89' lang='lat' dir='ltr'><strong>en</strong></span> <span class='ocrx_word' id='word_1_345' title='bbox 1261 3075 1392 3118; x_wconf 86' lang='lat' dir='ltr'><strong>Pline</strong></span> <span class='ocrx_word' id='word_1_346' title='bbox 1416 3074 1484 3129; x_wconf 86' lang='lat' dir='ltr'><strong>(u,</strong></span> <span class='ocrx_word' id='word_1_347' title='bbox 1513 3076 1567 3118; x_wconf 75' lang='lat'><strong>82</strong></span> <span class='ocrx_word' id='word_1_348' title='bbox 1585 3105 1602 3136; x_wconf 83' lang='lat'><strong>,</strong></span> <span class='ocrx_word' id='word_1_349' title='bbox 1632 3086 1713 3128; x_wconf 84' lang='lat' dir='ltr'><strong>par</strong></span> <span class='ocrx_word' id='word_1_350' title='bbox 1734 3073 1894 3135; x_wconf 63' lang='lat' dir='ltr'><strong>Florus</strong></span> <span class='ocrx_word' id='word_1_351' title='bbox 1915 3071 1983 3127; x_wconf 76' lang='lat'><strong>(11¹</strong></span> <span class='ocrx_word' id='word_1_352' title='bbox 2001 3050 2060 3125; x_wconf 74' lang='lat'><strong>65,</strong></span> <span class='ocrx_word' id='word_1_353' title='bbox 2076 3086 2155 3126; x_wconf 84' lang='lat' dir='ltr'><strong>par</strong></span> 
     </span>
     <span class='ocr_line' id='line_1_40' title="bbox 313 3125 2009 3183; baseline 0 -16"><span class='ocrx_word' id='word_1_354' title='bbox 313 3130 445 3168; x_wconf 80' lang='lat' dir='ltr'><strong>avant</strong></span> <span class='ocrx_word' id='word_1_355' title='bbox 463 3126 542 3167; x_wconf 87' lang='lat' dir='ltr'><strong>des</strong></span> <span class='ocrx_word' id='word_1_356' title='bbox 556 3136 807 3179; x_wconf 76' lang='lat' dir='ltr'><strong>enseignes·</strong></span> <span class='ocrx_word' id='word_1_357' title='bbox 1260 3128 1514 3183; x_wconf 83' lang='lat' dir='ltr'><strong>Plutarque,</strong></span> <span class='ocrx_word' id='word_1_358' title='bbox 1578 3139 1618 3170; x_wconf 75' lang='lat' dir='ltr'><strong>ze</strong></span> <span class='ocrx_word' id='word_1_359' title='bbox 1638 3125 1694 3169; x_wconf 83' lang='lat' dir='ltr'><strong>de</strong></span> <span class='ocrx_word' id='word_1_360' title='bbox 1716 3125 1902 3175; x_wconf 73' lang='lat' dir='ltr'><strong>Fabtue,</strong></span> <span class='ocrx_word' id='word_1_361' title='bbox 1925 3130 2009 3169; x_wconf 84' lang='lat' dir='ltr'><strong>etc.</strong></span> 
     </span>
    </p>

    <p class='ocr_par' dir='ltr' id='par_1_7' title="bbox 313 3176 2159 3496">
     <span class='ocr_line' id='line_1_41' title="bbox 367 3176 2152 3241; baseline 0.005 -29"><span class='ocrx_word' id='word_1_362' title='bbox 367 3176 414 3241; x_wconf 59' lang='lat'><strong>{35</strong></span> <span class='ocrx_word' id='word_1_363' title='bbox 443 3176 550 3219; x_wconf 75' lang='lat' dir='ltr'><strong>Alia</strong></span> <span class='ocrx_word' id='word_1_364' title='bbox 575 3182 850 3241; x_wconf 57' lang='lat' dir='ltr'><strong>sqrapporte</strong></span> <span class='ocrx_word' id='word_1_365' title='bbox 880 3177 909 3223; x_wconf 76' lang='grc' dir='ltr'><strong>ὸ,</strong></span> <span class='ocrx_word' id='word_1_366' title='bbox 942 3178 1073 3222; x_wconf 77' lang='lat' dir='ltr'><strong>acies.</strong></span> <span class='ocrx_word' id='word_1_367' title='bbox 1097 3177 1208 3224; x_wconf 75' lang='lat' dir='ltr'><strong>Alia</strong></span> <span class='ocrx_word' id='word_1_368' title='bbox 1315 3180 1362 3216; x_wconf 67' lang='lat'><strong>40</strong></span> <span class='ocrx_word' id='word_1_369' title='bbox 1388 3180 1568 3223; x_wconf 79' lang='lat' dir='ltr'><strong>Robora</strong></span> <span class='ocrx_word' id='word_1_370' title='bbox 1599 3180 1812 3229; x_wconf 60' lang='lat' dir='ltr'><strong>adrerum,</strong></span> <span class='ocrx_word' id='word_1_371' title='bbox 1850 3192 1873 3217; x_wconf 85' lang='lat'>‹</span> <span class='ocrx_word' id='word_1_372' title='bbox 1899 3177 2036 3236; x_wconf 61' lang='lat' dir='ltr'><strong>l’elite</strong></span> <span class='ocrx_word' id='word_1_373' title='bbox 2076 3180 2152 3221; x_wconf 75' lang='lat' dir='ltr'><strong>des</strong></span> 
     </span>
     <span class='ocr_line' id='line_1_42' title="bbox 313 3230 2158 3380; baseline -0.001 -53"><span class='ocrx_word' id='word_1_374' title='bbox 313 3230 1014 3380; x_wconf 42' lang='lat' dir='ltr'><strong>“⁰35⁸&#39;111Qizifmgliiiquelegion</strong></span> <span class='ocrx_word' id='word_1_375' title='bbox 1029 3298 1077 3330; x_wconf 81' lang='lat' dir='ltr'><strong>se</strong></span> <span class='ocrx_word' id='word_1_376' title='bbox 1097 3288 1207 3330; x_wconf 74' lang='lat' dir='ltr'><strong>divi-</strong></span> <span class='ocrx_word' id='word_1_377' title='bbox 1261 3234 1940 3343; x_wconf 47' lang='grc' dir='ltr'><strong>πῖιῗρῗᾶἐῗιᾶιῖῑᾶἷῑῖῗῖαῗωὲιῖε,</strong></span> <span class='ocrx_word' id='word_1_378' title='bbox 1958 3247 2026 3328; x_wconf 59' lang='lat' dir='ltr'><strong>in.</strong></span> <span class='ocrx_word' id='word_1_379' title='bbox 2047 3285 2075 3326; x_wconf 68' lang='lat' dir='ltr'><strong>a</strong></span> <span class='ocrx_word' id='word_1_380' title='bbox 2094 3296 2158 3331; x_wconf 83' lang='lat' dir='ltr'><strong>m.</strong></span> 
     </span>
     <span class='ocr_line' id='line_1_43' title="bbox 314 3336 2159 3393; baseline -0.002 -12"><span class='ocrx_word' id='word_1_381' title='bbox 314 3340 401 3382; x_wconf 82' lang='lat' dir='ltr'><strong>sait</strong></span> <span class='ocrx_word' id='word_1_382' title='bbox 417 3350 473 3380; x_wconf 86' lang='lat' dir='ltr'><strong>en</strong></span> <span class='ocrx_word' id='word_1_383' title='bbox 529 3340 539 3349; x_wconf 85' lang='grc'><em>“</em></span> <span class='ocrx_word' id='word_1_384' title='bbox 592 3339 813 3393; x_wconf 80' lang='lat' dir='ltr'><strong>cohortes,</strong></span> <span class='ocrx_word' id='word_1_385' title='bbox 835 3352 924 3383; x_wconf 83' lang='lat' dir='ltr'><strong>une</strong></span> <span class='ocrx_word' id='word_1_386' title='bbox 947 3340 1129 3383; x_wconf 84' lang='lat' dir='ltr'><strong>cohorte</strong></span> <span class='ocrx_word' id='word_1_387' title='bbox 1149 3352 1206 3382; x_wconf 88' lang='lat' dir='ltr'><strong>en</strong></span> <span class='ocrx_word' id='word_1_388' title='bbox 1263 3353 1287 3378; x_wconf 65' lang='grc' dir='ltr'><strong>ς</strong></span> <span class='ocrx_word' id='word_1_389' title='bbox 1306 3343 1462 3383; x_wconf 79' lang='lat' dir='ltr'><strong>autaut</strong></span> <span class='ocrx_word' id='word_1_390' title='bbox 1478 3341 1540 3382; x_wconf 85' lang='lat' dir='ltr'><strong>du</strong></span> <span class='ocrx_word' id='word_1_391' title='bbox 1555 3344 1700 3383; x_wconf 84' lang='lat' dir='ltr'><strong>moins</strong></span> <span class='ocrx_word' id='word_1_392' title='bbox 1718 3351 1804 3393; x_wconf 85' lang='lat' dir='ltr'><strong>que</strong></span> <span class='ocrx_word' id='word_1_393' title='bbox 1830 3340 1952 3381; x_wconf 82' lang='lat' dir='ltr'><strong>leurs</strong></span> <span class='ocrx_word' id='word_1_394' title='bbox 1978 3336 2094 3380; x_wconf 73' lang='lat' dir='ltr'><strong>tetes</strong></span> <span class='ocrx_word' id='word_1_395' title='bbox 2112 3342 2159 3379; x_wconf 84' lang='lat' dir='ltr'><strong>et</strong></span> 
     </span>
     <span class='ocr_line' id='line_1_44' title="bbox 315 3392 2159 3446; baseline -0.001 -13"><span class='ocrx_word' id='word_1_396' title='bbox 315 3393 423 3433; x_wconf 78' lang='lat' dir='ltr'><strong>trois</strong></span> <span class='ocrx_word' id='word_1_397' title='bbox 439 3392 703 3444; x_wconf 82' lang='lat' dir='ltr'><strong>manipules,</strong></span> <span class='ocrx_word' id='word_1_398' title='bbox 731 3396 778 3435; x_wconf 81' lang='lat' dir='ltr'><strong>et</strong></span> <span class='ocrx_word' id='word_1_399' title='bbox 802 3405 864 3435; x_wconf 90' lang='lat' dir='ltr'><strong>un</strong></span> <span class='ocrx_word' id='word_1_400' title='bbox 890 3394 1115 3446; x_wconf 73' lang='lat' dir='ltr'><strong>manipulo</strong></span> <span class='ocrx_word' id='word_1_401' title='bbox 1148 3404 1206 3434; x_wconf 86' lang='lat' dir='ltr'><strong>en</strong></span> <span class='ocrx_word' id='word_1_402' title='bbox 1261 3393 1380 3436; x_wconf 83' lang='lat' dir='ltr'><strong>leurs</strong></span> <span class='ocrx_word' id='word_1_403' title='bbox 1397 3392 1578 3446; x_wconf 62' lang='lat' dir='ltr'><strong>&amp;paules</strong></span> <span class='ocrx_word' id='word_1_404' title='bbox 1607 3397 1801 3446; x_wconf 78' lang='lat' dir='ltr'><strong>peuvent</strong></span> <span class='ocrx_word' id='word_1_405' title='bbox 1819 3398 1962 3434; x_wconf 77' lang='lat' dir='ltr'><strong>restet</strong></span> <span class='ocrx_word' id='word_1_406' title='bbox 1980 3392 2159 3433; x_wconf 79' lang='lat' dir='ltr'><strong>au-des-</strong></span> 
     </span>
     <span class='ocr_line' id='line_1_45' title="bbox 317 3443 2155 3496; baseline 0 -11"><span class='ocrx_word' id='word_1_407' title='bbox 317 3444 431 3486; x_wconf 81' lang='lat' dir='ltr'><strong>deux</strong></span> <span class='ocrx_word' id='word_1_408' title='bbox 449 3446 682 3487; x_wconf 86' lang='lat' dir='ltr'><strong>centuries.</strong></span> <span class='ocrx_word' id='word_1_409' title='bbox 1262 3457 1337 3487; x_wconf 82' lang='lat' dir='ltr'><strong>sus</strong></span> <span class='ocrx_word' id='word_1_410' title='bbox 1376 3447 1434 3488; x_wconf 88' lang='lat' dir='ltr'><strong>de</strong></span> <span class='ocrx_word' id='word_1_411' title='bbox 1466 3445 1595 3488; x_wconf 83' lang='lat' dir='ltr'><strong>l’eau.</strong></span> <span class='ocrx_word' id='word_1_412' title='bbox 1614 3457 1637 3482; x_wconf 78' lang='lat'>›</span> <span class='ocrx_word' id='word_1_413' title='bbox 1681 3443 1823 3496; x_wconf 87' lang='lat' dir='ltr'><strong>(Voir</strong></span> <span class='ocrx_word' id='word_1_414' title='bbox 1852 3444 1898 3486; x_wconf 85' lang='lat' dir='ltr'><strong>la</strong></span> <span class='ocrx_word' id='word_1_415' title='bbox 1928 3444 2155 3487; x_wconf 74' lang='lat' dir='ltr'><strong>nar-ration</strong></span> 
     </span>
    </p>

    <p class='ocr_par' dir='ltr' id='par_1_8' title="bbox 368 3493 1861 3551">
     <span class='ocr_line' id='line_1_46' title="bbox 368 3493 1861 3551; baseline 0.001 -15"><span class='ocrx_word' id='word_1_416' title='bbox 368 3493 413 3529; x_wconf 75' lang='lat'><strong>8⁷</strong></span> <span class='ocrx_word' id='word_1_417' title='bbox 441 3494 561 3537; x_wconf 70' lang='lat' dir='ltr'><strong>Fors</strong></span> <span class='ocrx_word' id='word_1_418' title='bbox 594 3495 841 3550; x_wconf 68' lang='lat' dir='ltr'><strong>conglobat,</strong></span> <span class='ocrx_word' id='word_1_419' title='bbox 884 3508 906 3532; x_wconf 68' lang='grc' dir='ltr'><strong><em>ι</em></strong></span> <span class='ocrx_word' id='word_1_420' title='bbox 940 3498 997 3539; x_wconf 84' lang='lat' dir='ltr'><strong>ils</strong></span> <span class='ocrx_word' id='word_1_421' title='bbox 1038 3508 1087 3539; x_wconf 87' lang='lat' dir='ltr'><strong>se</strong></span> <span class='ocrx_word' id='word_1_422' title='bbox 1123 3498 1210 3540; x_wconf 85' lang='lat' dir='ltr'><strong>for·</strong></span> <span class='ocrx_word' id='word_1_423' title='bbox 1262 3510 1308 3540; x_wconf 90' lang='lat' dir='ltr'><strong>n.</strong></span> <span class='ocrx_word' id='word_1_424' title='bbox 1333 3500 1402 3550; x_wconf 84' lang='lat'><strong>56,</strong></span> <span class='ocrx_word' id='word_1_425' title='bbox 1427 3510 1541 3551; x_wconf 83' lang='lat' dir='ltr'><strong>page</strong></span> <span class='ocrx_word' id='word_1_426' title='bbox 1562 3498 1654 3548; x_wconf 84' lang='grc'>114,</span> <span class='ocrx_word' id='word_1_427' title='bbox 1673 3499 1780 3539; x_wconf 80' lang='lat' dir='ltr'><strong>note</strong></span> <span class='ocrx_word' id='word_1_428' title='bbox 1799 3495 1861 3548; x_wconf 80' lang='grc'><strong>9.)</strong></span> 
     </span>
    </p>
   </div>
   <div class='ocr_carea' id='block_1_4' title="bbox 1017 368 2225 459">
    <p class='ocr_par' dir='ltr' id='par_1_9' title="bbox 1017 368 2225 459">
     <span class='ocr_line' id='line_1_47' title="bbox 1017 368 2225 459; baseline 0.005 -30"><span class='ocrx_word' id='word_1_429' title='bbox 1017 370 1167 431; x_wconf 88' lang='lat' dir='ltr'><strong>inata</strong></span> <span class='ocrx_word' id='word_1_430' title='bbox 1194 390 1296 450; x_wconf 88' lang='lat' dir='ltr'><strong>per</strong></span> <span class='ocrx_word' id='word_1_431' title='bbox 1322 368 1603 459; x_wconf 79' lang='lat' dir='ltr'><strong>principes</strong></span> <span class='ocrx_word' id='word_1_432' title='bbox 1616 372 1661 406; x_wconf 77' lang='lat'><strong>³³</strong></span> <span class='ocrx_word' id='word_1_433' title='bbox 1689 369 2047 451; x_wconf 86' lang='lat' dir='ltr'><strong>hastatosque</strong></span> <span class='ocrx_word' id='word_1_434' title='bbox 2073 391 2132 435; x_wconf 75' lang='lat' dir='ltr'><strong>ae</strong></span> <span class='ocrx_word' id='word_1_435' title='bbox 2220 440 2225 448; x_wconf 64' lang='grc'><strong>,</strong></span> 
     </span>
    </p>
   </div>
   <div class='ocr_carea' id='block_1_5' title="bbox 2480 2806 2493 3651">
    <p class='ocr_par' dir='ltr' id='par_1_10' title="bbox 2480 2806 2493 3651">
     <span class='ocr_line' id='line_1_48' title="bbox 2480 2806 2493 3651; baseline 0 0"><span class='ocrx_word' id='word_1_436' title='bbox 2480 2806 2493 3651; x_wconf 95' lang='lat' dir='ltr'><strong> </strong></span> 
     </span>
    </p>
   </div>
   <div class='ocr_carea' id='block_1_6' title="bbox 2226 3691 2347 3928">
    <p class='ocr_par' dir='ltr' id='par_1_11' title="bbox 2226 3691 2347 3928">
     <span class='ocr_line' id='line_1_49' title="bbox 2332 3691 2347 3708; baseline 0 0"><span class='ocrx_word' id='word_1_437' title='bbox 2332 3691 2347 3708; x_wconf 63' lang='lat' dir='ltr'><strong>&#39;k</strong></span> 
     </span>
     <span class='ocr_line' id='line_1_50' title="bbox 2278 3885 2325 3904; baseline 0 -10"><span class='ocrx_word' id='word_1_438' title='bbox 2278 3885 2325 3904; x_wconf 52' lang='lat'><strong>3,-</strong></span> 
     </span>
     <span class='ocr_line' id='line_1_51' title="bbox 2226 3919 2239 3928; baseline 0 0"><span class='ocrx_word' id='word_1_439' title='bbox 2226 3919 2239 3928; x_wconf 84' lang='grc' dir='ltr'><strong>ιι.</strong></span> 
     </span>
    </p>
   </div>
  </div>
 </body>
</html>
