2525 3984
1039 224 1590 285 NARRATIONES.
2119 226 2231 286 261

399 355 585 415 lianda
618 353 768 434 vulgi
802 352 987 413 studia
1029 372 1096 414 eo
1133 351 1384 434 tegmine
1395 352 1443 390 ⁸⁷
1552 350 1693 412 dum
1724 349 2085 412 induebatur.
2129 353 2237 414 Sed

397 433 539 494 nihil
560 450 717 513 aeque
747 431 922 507 flexit,
955 452 1129 513 quam
1158 431 1371 493 invidia
1395 431 1457 492 in
1533 449 1754 493 reveros
1783 447 1801 492 ε
1831 440 1992 490 orant
2014 477 2036 507 ,
2057 430 2240 492 obsis-

396 521 549 588 tunt,
586 511 812 588 rediret,
853 519 1148 573 maneret:
1175 531 1307 593 pars
1330 509 1656 591 Agrippinae
1682 517 2033 571 occursantes
2048 555 2069 586 ,
2108 512 2242 591 plu-

396 592 524 653 rimi
545 591 614 653 ad
633 590 1037 653 Geimanicum
1051 590 1286 672 regressi
1295 593 1364 651 ⁸⁸.
1384 590 1677 671 Supplices
1691 588 1946 665 orabant,
1970 592 2242 670 «puniret

395 671 609 747 noxios,
638 671 950 753 ignosceret
978 669 1145 753 lapsis
1160 672 1231 745 ⁸²,
1270 676 1327 732 et
1353 669 1583 731 duceret
1618 667 1679 729 in
1704 668 1969 745 hostem3
2007 690 2242 731 revoca-

394 759 549 811 retur
583 752 816 832 conjux,
861 750 1065 812 rediret
1104 751 1158 812 le
1200 751 1396 812 ‘onum
1439 749 1731 824 alumnus,
1762 767 1835 808 ne
1871 746 2032 809 obses
2068 750 2240 810 Gallis

392 830 724 892 traderetur.
774 852 805 889 >³
846 828 1116 891 Reditum
1212 828 1484 911 grippinoe
1498 828 1546 866 ⁶⁹
1587 826 1868 889 excusavit
1917 827 1989 887 ob
2038 826 2242 889 immi-

390 917 625 970 nentem
668 916 929 990 partum,
971 918 1028 971 et
1061 908 1312 971 hiemem
1351 927 1367 971 ε
1416 915 1724 970 venturum
1760 905 1947 968 filium
1994 923 2011 968 ε
2061 915 2241 971 cetera

392 987 502 1068 ipsi
533 999 985 1069 exsequerentur.
1027 988 1364 1050 Discurrunt
1398 987 1640 1064 mutati,
1664 995 1721 1048 et
1753 984 2238 1048 seditiosissimum

432 1087 679 1158 nemque
717 1067 933 1129 vinctos
966 1069 1199 1129 trahunt
1240 1067 1313 1129 ad
1361 1069 1611 1150 legatum
1645 1064 1877 1147 legionis
1921 1065 2120 1147 primae
2168 1067 2235 1127 C.

425 1147 745 1224 'etromum,
789 1147 887 1229 qui
927 1147 1210 1227 judicium
1254 1155 1312 1208 et
1356 1166 1550 1229 poenas
1583 1146 1652 1208 de
1689 1145 1926 1227 singulis
1975 1145 2038 1206 in
2085 1148 2239 1206 hunc

392 1225 629 1287 modum
654 1227 921 1288 exercuit.
947 1228 1181 1289 Stabant
1203 1248 1306 1309 pro
1326 1226 1592 1289 concione
1607 1227 1651 1264 ⁸¹
1672 1225 1940 1307 legiones,
1964 1224 2241 1286 destrictis

392 1304 588 1385 gladiis
629 1324 645 1367 :
687 1327 820 1368 reus
855 1306 916 1367 in
956 1316 1221 1388 suggestu
1263 1328 1365 1389 per
1393 1306 1692 1368 tribunum
1720 1303 2161 1366 ostendebatur:
2192 1305 2238 1365 si

391 1392 687 1446 nocentem
721 1386 1199 1463 acclamaverant,
1243 1407 1491 1468 praeceps
1525 1385 1690 1447 datus
1716 1385 2104 1446 trucidabatur
2137 1403 2152 1445 ε
2184 1392 2240 1445 et

393 1463 670 1525 oaudebat
694 1464 940 1525 caedibus
974 1465 1160 1540 miles,
1197 1473 1468 1545 tanquam
1491 1472 1671 1526 semet
1694 1464 2055 1525 absolveret⁸²
2088 1481 2104 1525 z
2134 1484 2239 1525 nec

392 1512 579 1603 ffiaesar
611 1543 866 1618 arcebat,
911 1542 1137 1623 quando
1178 1544 1337 1604 nullo
1363 1542 1541 1623 ipsius
1572 1544 1760 1623 jussu,
1802 1562 1974 1623 penes
2013 1543 2239 1603 eosdem

392 1621 603 1683 saevitia
624 1620 752 1682 facti
778 1629 834 1681 ct
856 1620 1069 1683 invidia
1089 1628 1229 1683 erat.
1261 1620 1730 1682 Centurionatum
1758 1620 1889 1681 inde
1916 1621 2085 1701 egit⁶³
2118 1639 2134 1682 :
2161 1621 2241 1680 ci-

393 1708 540 1761 tatus
570 1700 642 1762 ab
675 1700 1009 1781 imperatore
1045 1721 1281 1777 nomen,
1315 1700 1596 1778 ordinem,
1634 1699 1902 1781 patriam,
1930 1720 2238 1761 numerum

395 1777 826 1860 stipendiorum,
859 1800 984 1862 quae
1012 1788 1237 1841 strenue
1262 1779 1325 1840 in
1358 1780 1564 1861 praeliis
1598 1779 1837 1855 fecisset,
1881 1787 1936 1840 et
1962 1780 2054 1840 cui
2082 1789 2239 1840 erant

393 1857 537 1921 dona
558 1858 848 1937 militaria,
870 1859 1070 1920 edebat
1093 1878 1110 1922 ε
1136 1860 1181 1920 si
1200 1859 1439 1935 tribuni,
1460 1860 1505 1920 si
1533 1859 1700 1941 legiO,
1723 1858 2059 1920 industriam
2080 1859 2242 1920 inno-

393 1939 748 2027 centiamque
774 1939 1213 2077 approbaverant
1229 1985 1249 2015 ,
1281 1938 1554 2001 retinebat
1585 1938 1881 2001 ordinem:
1909 1939 2009 2019 ubi
2050 1938 2240 2000 avari—

392 2024 534 2077 tiam
574 2026 674 2078 aut
703 2039 803 2080 cru
847 2018 1095 2079 elitatem
1125 2039 1401 2080 consensu
1430 2019 1851 2179 obgectavisscnt
1863 2064 1884 2096 ,
1923 2019 2241 2080 solvebatur

391 2094 613 2157 militia.
638 2098 958 2175 (TleAnn.
987 2098 1087 2158 lib.
1121 2101 1171 2175 1,
1198 2118 1250 2159 c.
1279 2100 1493 2160 31-44.

444 2245 490 2281 ⁸⁷
509 2245 580 2291 Eo
597 2248 802 2303 tegmine,
816 2248 970 2292 osa-d.
987 2251 1044 2293 de
1057 2251 1103 2293 la
1116 2249 1288 2308 caliga,
1340 2263 1397 2294 en
1414 2252 1503 2295 cite
1519 2262 1580 2294 un
1599 2255 1725 2294 autre
1743 2251 1803 2294 du
1819 2247 1962 2293 meme
1977 2262 2128 2303 genre.

397 2308 442 2345 88
498 2313 551 2344 ce
575 2301 632 2345 de
662 2301 895 2345 chaussure
914 2304 1068 2357 garnie
1087 2305 1144 2346 de
1162 2302 1286 2348 clous
1394 2302 1439 2336 θ’
1465 2304 1556 2348 Tan
1592 2316 1694 2346 uam
1708 2302 2114 2346 semtabsolveret.
2130 2303 2235 2346 Imi-

394 2350 422 2396 ῦ,
458 2353 604 2408 'usage
639 2356 718 2399 des
749 2357 931 2409 simples
964 2357 1147 2408 soldats,
1183 2356 1287 2401 d'on
1339 2358 1481 2400 tation
1501 2359 1557 2400 de
1617 2358 1745 2411 irgile
1763 2369 1774 2397 ι
1790 2377 1841 2388 -
1859 2361 2068 2396 Assensere
2091 2369 2235 2404 omnes;

393 2404 618 2462 ealiyatus
655 2420 766 2461 pour
803 2408 1002 2462 significi·
1046 2411 1288 2466 qreyarius
1339 2415 1475 2462 etqua
1498 2409 1572 2449 sibi
1597 2410 1758 2462 quisque
1788 2410 1943 2448 timebat
1969 2429 2020 2440 -
2044 2409 2166 2447 Unius
2198 2408 2237 2447 iu

391 2456 515 2499 miles
549 2457 683 2501 Sum.
705 2460 780 2502 Au
815 2460 943 2513 .,25).
1339 2464 1466 2503 miseri
1491 2464 1645 2502 exitium
1664 2475 1843 2502 conversa
1858 2463 1995 2502 tulere.
2021 2459 2207 2512 (Eneide
2223 2491 2235 2512 ,

446 2509 492 2543 ⁸⁸
583 2512 737 2567 qressi.
765 2471 828 2554 igi
859 2525 908 2555 se
936 2514 1063 2568 place
1094 2515 1138 2557 le
1169 2515 1288 2559 beau
1339 2515 1399 2569 11,
1421 2517 1513 2569 129,
1541 2517 1632 2568 130,
1652 2514 1761 2557 edit.
1782 2516 1838 2557 de
1858 2515 1924 2575 M.
1949 2512 2182 2566 Bouchot.)

393 2562 589 2607 discours
628 2565 682 2607 de
720 2563 1023 2619 Germanicus,
1059 2579 1143 2622 que
1173 2580 1288 2611 nous
1394 2566 1439 2603 ⁸⁸
1460 2564 2237 2621 Centurionatumeqzt.Juste-Lipse

392 2627 528 2659 avons
555 2615 614 2659 da
634 2629 713 2672 sup
745 2620 878 2661 rimer
893 2631 1003 2673 pour
1021 2632 1080 2663 ne
1097 2632 1178 2675 pas
1195 2632 1289 2664 em·
1339 2632 1479 2674 pense
1494 2633 1579 2675 que
1593 2620 1682 2674 coit
1700 2624 1769 2661 est
1783 2630 2028 2671 synonyme
2046 2619 2101 2660 de
2115 2617 2234 2674 leqit,

421 2667 618 2712 ietersur
631 2671 675 2714 le
728 2671 932 2715 one-iones
943 2685 958 2714 :
971 2673 1130 2730 cuique
1144 2686 1286 2716 suum.
1342 2678 1388 2714 et
1406 2685 1490 2727 que
1506 2677 1624 2715 cette
1637 2671 1796 2724 phrase
1814 2676 1917 2712 veut
1934 2671 2028 2713 dire
2046 2670 2096 2712 fit
2110 2671 2237 2714 choix

391 2681 524 2818 {Vosn
557 2725 601 2767 le
643 2723 896 2777 Conciones,
927 2724 1037 2768 edit.
1076 2727 1134 2768 de
1159 2724 1224 2769 M.
1241 2724 1287 2768 J.
1343 2726 1398 2767 de
1428 2736 1657 2767 nouveaux
1677 2725 1946 2775 centurions,
1966 2735 2021 2766 en
2048 2731 2237 2777 prenant

431 2776 564 2828 irai-d,
581 2788 694 2829 page
712 2776 821 2828 368.)
1341 2774 1466 2820 l'avis
1500 2777 1581 2820 des
1617 2776 1797 2827 soldats,
1840 2788 1944 2819 sans
1977 2776 2074 2819 leur
2100 2778 2236 2820 aban-

443 2827 488 2861 59
506 2828 683 2884 Lepsia,
704 2841 821 2870 «aux
837 2827 1035 2882 egeres?
1052 2828 1200 2872 &ceux
1212 2831 1290 2885 qui
1342 2830 1514 2873 donner
1552 2830 1761 2873 toutefois
1790 2828 2026 2872 l'election·.
2063 2828 2235 2875 Grono-

391 2881 611 2924 n'avaient
628 2882 739 2924 suilli
756 2893 840 2935 que
859 2894 938 2944 par
954 2894 1118 2925 erreur.
1341 2883 1437 2925 vius
1452 2881 1659 2936 n’adopte
1681 2894 1760 2936 pas
1777 2896 1829 2926 ce
1847 2895 1950 2926 sens
1969 2895 1981 2921 ι
2008 2883 2040 2925 il
2062 2886 2236 2926 combat

442 2932 487 2966 co
515 2932 725 2976 Reditum
756 2934 1019 2991 Ayrtppinae
1046 2934 1287 2989 excusavit,
1341 2934 1633 2998 l’explication
1654 2936 1709 2978 de
1726 2938 1826 2994 egit,
1846 2937 1956 2980 dans
1981 2937 2024 2979 18
2047 2949 2151 2980 sens
2179 2938 2234 2979 de

393 2987 454 3028 «il
472 2987 623 3029 donna
637 2987 702 3029 les
718 2988 888 3030 raisons
899 2988 977 3041 qui
992 2985 1291 3041 s’opposaient
1342 2985 1466 3041 leym
1499 3001 1629 3042 parce
1665 3002 1749 3044 que
1787 2991 1853 3033 les
1886 2992 2140 3033 centurions
2176 3002 2234 3034 ne

389 3051 445 3082 au
476 3043 628 3082 retour
650 3038 957 3094 d'Agrippine;
978 3053 1001 3078 ²
1028 3044 1284 3094 expression
1339 3042 1531 3085 forment
1544 3054 1625 3097 pas
1649 3055 1709 3086 un
1729 3054 1854 3098 corps
1881 3055 2050 3086 comme
2072 3045 2139 3085 les
2165 3042 2235 3085 se·

390 3091 578 3136 delicate
597 3098 645 3135 et
661 3106 847 3147 presque
865 3094 1189 3138 intraduisible.
1340 3100 1534 3139 nateurs.
1571 3094 1636 3138 Le
1671 3108 1776 3140 sens
1810 3095 1913 3160 qu’il
1945 3097 2095 3138 donne
2125 3095 2154 3138 ὸ,
2184 3107 2234 3139 88

419 3144 486 3205 ,61
505 3144 702 3188 Stabant
756 3159 812 3190 ro
829 3147 1056 3190 concione.
1080 3146 1177 3191 Pro
1187 3160 1289 3190 con-

390 3209 512 3238 mone
530 3205 596 3241 est
612 3200 698 3243 l’an
749 3213 859 3253 ogue
875 3202 931 3244 de
946 3207 1075 3244 notre
1089 3201 1286 3246 locution

391 3249 595 3295 militaire
618 3267 630 3292 ε
654 3250 682 3297 ὰ
701 3252 884 3296 l'ordre.
906 3252 988 3298 Cet
1001 3256 1201 3308 exemple
1218 3260 1288 3297 est

391 3301 434 3344 le
445 3306 635 3356 premier
648 3306 705 3369 ‚de
722 3308 890 3349 soldats
904 3306 1146 3351 constitues
1156 3309 1286 3361 juges

393 3353 448 3397 de
482 3358 603 3402 leurs
635 3371 791 3413 egaux.
811 3360 1012 3404 Ammien
1050 3360 1285 3404 Marcellin

727 3565 1004 3575 ,ομ-ο...-

1338 3147 1933 3256 ἓξὲεέἕτῖἰαῗίῒοθῖἲυέῖιοὲίφιιὲ
1983 3148 2233 3252 ξνξξιέεέυαὲ

1342 3254 1447 3297 c'est
1464 3256 1606 3298 forcer
1620 3257 1666 3298 le
1682 3267 1787 3298 sens
1809 3255 1867 3297 du
1890 3263 1982 3297 mot
1997 3262 2132 3306 ayere
2149 3261 2224 3303 qm

1341 3308 1479 3351 delui
1503 3309 1613 3350 faire
1633 3308 1830 3361 signifier
1861 3317 2104 3355 recensere;
2123 3304 2230 3347 mais

1338 3372 1397 3403 ne
1421 3361 1566 3405 dit-on
1578 3372 1663 3415 ‘pas
1679 3371 1859 3402 censum
1875 3369 2013 3411 aqere
2026 3354 2051 3399 2

1659 3553 1879 3569 ...a-‘'-
