2525 3984
295 171 412 231 260
936 163 1370 225 NARRAT10N
1378 165 1488 223 Es,

206 313 212 320 ·
295 299 555 375 demum,
601 299 899 380 postquam
937 296 1052 357 dux
1096 302 1152 357 et
1201 294 1390 371 mileS,
1443 301 1499 354 et
1547 294 1695 355 facta
1733 295 2136 375 noscebantur,

294 379 580 460 ingressus
636 386 816 438 castra
875 374 1246 437 Germanicus
1262 418 1284 450 ,
1408 371 1568 434 rduci
1622 372 1693 434 ad
1752 393 1811 434 se
1859 375 2135 438 Plancum

295 457 563 537 imperat,
591 455 902 537 recipitque
935 453 996 515 in
1036 454 1308 515 tribunal.
1388 472 1490 512 um
1525 453 1755 514 fatalem
1767 454 1816 490 ⁸⁰
1840 452 2137 535 increpans

294 536 537 612 rabiem,
569 556 751 617 neque
777 534 1052 610 militum,
1081 531 1177 594 sed
1199 531 1374 594 deum
1396 530 1481 593 ira
1505 552 1824 612 resurgere,
1850 551 1954 594 cur
1972 554 2140 597 vene-

295 615 413 675 rint
442 613 607 696 legati
647 613 825 696 aperit
849 632 865 675 z
896 614 991 695 jus
1018 611 1315 694 legationis
1331 656 1352 687 ,
1379 619 1547 692 atque
1570 610 1748 692 ipsius
1775 612 1966 673 Planci
2000 635 2139 703 gra-

300 714 425 754 vem
448 701 504 755 et
521 693 880 756 immeritum
900 713 1120 768 casum,
1146 690 1318 752 simul
1339 697 1616 772 quantum
1629 690 1915 752 dedecoris
1935 692 2137 754 adierit

298 772 464 854 legio,
493 772 732 835 facunde
762 772 1104 834 miseratur:
1136 769 1485 851 attonitaque
1507 769 1686 859 magis
1696 814 1719 846 ,
1747 790 1921 852 quam
1947 772 2138 861 quieta

298 852 590 928 concione,
609 853 816 933 legatos
873 850 1093 913 raesidio
1112 848 1473 929 auxiliarium
1494 856 1751 929 equiturn
1769 849 2028 911 dimittit.
2053 854 2136 912 Eo

297 931 358 991 in
385 938 543 992 metu
578 950 811 1011 arguere
886 928 1238 992 ermanicum
1271 948 1466 989 omnes
1479 973 1500 1004 ,
1528 950 1559 987 «
1577 928 1726 1009 quod
1751 948 1864 989 non
1887 929 1957 991 ad
1974 951 2040 991 su
2112 966 2138 977 -

298 1008 506 1070 riorem
528 1009 835 1070 exercitum
866 1016 1144 1091 pergeret,
1167 1008 1266 1069 ubi
1295 1006 1585 1089 obsequia,
1607 1016 1664 1069 et
1686 1015 1880 1069 contra
1905 1009 2035 1070 rebe
2059 1011 2134 1070 les

297 1087 593 1149 auxilium.
631 1088 779 1150 Satis
804 1107 1084 1169 superque
1112 1086 1382 1148 missione
1397 1091 1438 1125 ⁸¹
1463 1095 1521 1148 et
1550 1086 1789 1178 pecunia
1807 1132 1829 1163 ,
1851 1096 1907 1149 et
1940 1090 2136 1149 molli-

297 1166 405 1228 bus
430 1167 699 1228 consultis
736 1177 1071 1248 peccatum:
1105 1167 1193 1227 vel
1226 1166 1275 1227 si
1306 1166 1432 1227 vilis
1464 1166 1570 1247 ipsi
1605 1168 1776 1242 saluS,
1817 1187 1920 1228 cur
1951 1167 2134 1228 filium

296 1248 637 1325 parvulum,
680 1265 785 1307 cur
828 1244 1120 1326 gravidam
1165 1245 1506 1325 conjugem,
1556 1245 1704 1306 inter
1747 1248 1996 1307 furentes
2007 1291 2027 1323 ,
2081 1257 2136 1309 et

297 1324 484 1385 omnis
504 1324 741 1385 humani
768 1325 905 1386 'uris
940 1325 1235 1386 violatores
1254 1324 1524 1385 haberet?
1562 1324 1686 1385 illos
1725 1326 1920 1386 saltem
1948 1345 2050 1387 avo
2080 1336 2138 1387 et

297 1401 621 1484 reipublicae
669 1425 730 1465 rc
772 1404 948 1466 deret.
998 1425 1030 1463 n
1081 1403 1193 1465 Diu
1250 1411 1546 1464 cunctatus
1565 1449 1586 1480 ,
1645 1404 2073 1485 adspernantem
2089 1409 2135 1444 ⁸¹

297 1502 555 1560 uxorem,
584 1503 765 1565 quum
796 1503 854 1544 se
880 1483 1009 1545 divo
1048 1484 1304 1564 Augusto
1344 1490 1552 1560 ortam,
1588 1503 1770 1564 neque
1802 1483 2139 1564 degenerem

296 1560 366 1621 ad
389 1561 663 1642 pericula,
691 1569 1008 1640 testaretur,
1036 1568 1321 1642 postremo
1346 1570 1576 1622 uterum
1606 1562 1751 1643 ejus,
1788 1571 1845 1623 et
1868 1583 2138 1625 commu-

296 1660 430 1701 nem
462 1640 647 1702 filium
672 1643 856 1702 multo
878 1662 1012 1704 cum
1039 1642 1177 1704 fletu
1199 1661 1328 1702 com
1369 1642 1548 1717 lexuS,
1569 1648 1634 1702 ut
1659 1640 1839 1702 abiret
1863 1644 2131 1723 perpulit.

298 1719 596 1781 Incedebat
638 1719 918 1782 muliebre
967 1729 1023 1782 et
1067 1719 1332 1781 miserabi
1357 1740 1388 1782 e
1430 1740 1657 1800 agmen,
1703 1721 1941 1802 profuga
1977 1722 2139 1783 ducis

299 1818 437 1858 uxor
477 1801 780 1880 parvulum
816 1800 941 1861 sinu
979 1799 1166 1860 filium
1214 1819 1414 1879 gerens
1428 1815 1476 1877 3-
1501 1801 1868 1860 lamentantes
1919 1800 2136 1862 circum

294 1875 673 1939 amicorum⁸⁸
699 1879 986 1961 con‘uges,
1022 1898 1148 1960 quae
1171 1878 1344 1940 simul
1367 1884 1766 1954 trahebantur3
1799 1897 1902 1939 nec
1941 1879 2136 1940 minus

207 1978 214 1985 ·
296 1954 607 2037 tristes-qui
637 1974 802 2019 mane
842 1966 959 2019 ant.

378 2037 504 2096 Non
529 2037 781 2098 florentis
806 2035 1041 2099 Caesaris
1057 2037 1131 2114 ⁸⁸,
1156 2057 1342 2119 neque
1375 2035 1491 2098 suis
1528 2035 1587 2097 in
1619 2034 1838 2114 castris,
1860 2036 1956 2098 sed
1983 2038 2137 2097 velut

294 2113 357 2172 in
378 2115 516 2175 urhe
542 2115 689 2176 victa
708 2160 727 2191 ,
754 2115 956 2192 facies,
986 2116 1341 2197 gemitusque
1365 2136 1430 2177 ac
1496 2117 1716 2181 lanctus
1735 2159 1752 2192 ,
1788 2116 1962 2176 etiam
1986 2115 2137 2176 mili-

296 2199 423 2251 tum
460 2210 623 2253 aures
648 2213 856 2283 oraque
885 2194 1193 2257 advertere.
1227 2198 1436 2276 Progre
1477 2194 1673 2253 iuntur
1704 2194 2085 2255 contuberniis
2112 2213 2130 2256 ε

304 2266 483 2350 «quis
520 2269 613 2331 ille
646 2271 847 2333 ssebilis
875 2277 1087 2335 sonus?
1127 2274 1281 2356 quod
1316 2281 1432 2335 tam
1470 2270 1666 2331 triste?
1696 2272 1938 2333 feminas
1976 2272 2136 2333 illus-

296 2356 434 2424 tres,
457 2370 570 2410 non
595 2351 982 2416 centurionem
1000 2355 1070 2415 ad
1093 2356 1352 2428 tutelam,
1376 2371 1490 2411 non
1512 2349 1778 2427 militem,
1793 2349 2136 2432 nihilimpe-

296 2427 519 2490 ratoriae
548 2430 759 2507 uxoris,
786 2440 885 2492 aut
907 2433 1207 2495 comitatus
1225 2431 1372 2494 soliti
1388 2476 1408 2509 ,
1435 2450 1665 2511 pergere
1686 2429 1756 2492 ad
1779 2431 2046 2492 Treveros
2060 2433 2133 2507 ⁸⁸,

296 2514 353 2568 et
379 2516 618 2571 externae
655 2509 786 2571 fidei
803 2513 872 2571 ⁵⁶.
905 2534 937 2572 »
991 2511 1182 2574 Pudor
1226 2511 1360 2572 inde
1413 2519 1469 2571 et
1516 2509 1826 2587 miseratio,
1863 2517 1919 2571 et
1962 2510 2134 2591 patris

296 2586 473 2671 Agrip
514 2610 583 2666 oe,
614 2590 852 2671 Augusti
884 2589 973 2654 avi
995 2590 1296 2666 memoria,
1321 2609 1477 2651 socer
1502 2591 1717 2650 Drusus
1733 2605 1754 2666 3
1785 2589 1907 2668 ipsa
1927 2589 2134 2669 insigni

296 2667 462 2728 secun
503 2668 660 2746 itate,
725 2673 951 2744 raeclara
972 2670 1246 2751 pudicitia
1275 2669 1436 2750 :jam
1456 2668 1640 2729 infans
1671 2666 1732 2727 in
1758 2667 1953 2728 castris
1978 2667 2139 2747 geni-

296 2751 413 2819 tus,
437 2745 497 2806 in
525 2757 693 2813 contu
766 2750 891 2812 rnio
911 2749 1197 2831 legionum
1225 2748 1486 2824 eductus,
1515 2766 1685 2829 quem
1709 2744 1942 2809 militari
1962 2766 2137 2808 voca-

299 2819 430 2884 bulo
480 2826 794 2907 Caligulam
840 2828 1226 2910 appellabant,
1270 2825 1406 2908 quia
1443 2828 1778 2908 plerumque
1815 2824 1886 2886 ad
1939 2824 2138 2888 conci-

301 3023 434 3067 doute
456 3021 603 3070 &Ioves
619 3040 693 3071 sur
707 3030 753 3072 la
770 3031 895 3084 place
918 3033 1103 3077 d'armee
1127 3046 1185 3076 en
1295 3031 1341 3067 ⁸¹⁹
1368 3031 1698 3087 Nonflormffl
1728 3029 2133 3089 Cfflfflffluswm’

299 3074 523 3123 l’honnem
559 3080 639 3123 des
669 3083 806 3135 aigles
836 3088 883 3127 et
903 3087 983 3129 des
1012 3087 1187 3140 princes
1241 3097 1264 3122 ‹
1282 3097 1334 3129 ce
1375 3086 1552 3128 tableau
1589 3089 1663 3141 qui
1697 3084 1859 3129 n'avait
1881 3087 1976 3128 rien
2006 3086 2061 3127 de
2083 3095 2134 3126 ce

300 3129 411 3171 dont
430 3130 541 3173 elles
620 3136 783 3177 rtaient
796 3137 863 3179 les
880 3139 1062 3192 images.
1271 3151 1327 3181 ue
1346 3149 1534 3192 suppose
1552 3141 1599 3183 la
1615 3140 1823 3183 briuante
1847 3140 2018 3181 fortune
2033 3137 2133 3179 d'un

355 3179 401 3216 ⁸⁰
429 3144 652 3249 Fatqgfv'n,
686 3186 840 3250 cea-d.
858 3187 962 3249 sati
981 3190 1191 3249 maligni·
1240 3151 1391 3235 δέειν.
1411 3204 1434 3229 »
2100 3239 2111 3251 ,

302 3235 396 3276 tate
411 3237 807 3300 anqmzfaenyectam.
1295 3243 1342 3278 ⁸⁸
1362 3243 1560 3306 Perqere
1574 3242 1636 3286 ad
1658 3243 1885 3290 Treveros.
1921 3242 2009 3288 Les
2028 3241 2135 3285 Tre-

355 3286 398 3321 ⁸¹
427 3287 641 3335 Mzmom
658 3322 672 3347 ‚
714 3296 1035 3339 sous-entendu
1086 3309 1188 3341 eon-
1240 3295 1366 3342 vex-es
1399 3297 1614 3340 n’etaient
1651 3310 1730 3352 pas
1764 3309 1925 3341 encore
1958 3295 2133 3338 colonie

298 3349 434 3385 cessa.
609 3363 612 3368 ·
1238 3350 1438 3393 romaine
1459 3358 1470 3388 τ
1491 3361 1541 3392 ce
1561 3351 1749 3393 droitne
1766 3352 1862 3394 leur
1890 3351 1952 3391 fut
2001 3338 2134 3389 30an

354 3392 400 3425 ⁸¹
424 3394 523 3438 Aa:
555 3401 803 3454 ernanum,
839 3401 955 3456 ‹Jqui
985 3401 1050 3457 s’y
1073 3403 1191 3446 refu·
1239 3414 1326 3457 que
1344 3414 1446 3446 sous
1462 3399 1643 3445 Claude.

299 3446 386 3486 snit
405 3458 510 3491 avec
617 3455 727 3495 teur.
740 3466 762 3489 ²
1295 3454 1341 3487 ⁸⁶
1367 3454 1432 3497 Et
1459 3453 1786 3511 externaefidet',
1813 3452 2133 3496 sous-entendu

354 3496 401 3531 ⁸⁸
426 3499 697 3561 4micoruvn,
711 3507 1032 3550 sous-entendu
1051 3506 1187 3562 impe-
1241 3503 1448 3558 homines,
1473 3508 1546 3560 qui
1560 3519 1589 3550 a
1605 3519 1709 3550 sans
1725 3508 1859 3549 doute
1877 3507 2056 3559 disparu
2072 3503 2131 3546 du

300 3554 488 3595 rorone.
1240 3563 1359 3602 texte
1384 3571 1461 3611 Dar
1474 3560 1518 3600 la
1529 3561 1649 3603 {aute
1666 3560 1771 3602 d'uu
1787 3558 1969 3612 copiste·
