2525 3984
1044 209 1599 270 NARRATIONES.
2165 218 2245 274 23

402 366 631 409 causam
671 343 897 404 invidiae
931 352 1098 425 atque
1131 343 1444 405 criminum
1471 346 1517 382 ¹⁵
1557 363 1677 406 esse
1716 365 1863 426 aegre
1905 367 2100 427 passus
2115 391 2137 423 ,
2181 358 2245 408 ut

402 446 597 488 omnes
632 420 725 484 Dii
758 421 1130 504 hominesque
1164 421 1410 500 scirent,
1451 443 1511 485 se
1551 423 1772 505 parenti
1788 425 1834 461 ¹⁸
1869 445 1901 486 o
1943 445 2035 486 em
2071 428 2242 491 latam

402 525 576 587 quam
603 501 851 564 inimicis
880 502 1002 583 ejus
1037 503 1242 580 malle3
1286 503 1437 584 capit
1463 503 1787 580 consilium,
1821 526 1891 566 ru
1932 505 1981 566 is
2008 505 2241 587 quidem

400 593 568 665 atque
600 581 835 674 agrestis
868 581 1083 656 animi,
1119 589 1177 642 et
1209 601 1536 664 quanquam
1562 604 1678 644 non
1699 582 1878 645 civilis
1892 586 1936 621 ¹¹¹
1969 585 2241 675 exempli,

399 671 590 724 tamen
610 669 816 744 pietate
830 659 1129 722 laudabile.
1148 660 1524 724 Inscientibus
1545 661 1762 724 cunctis
1782 664 1964 725 cultro
1989 683 2244 725 succinc-

400 750 518 819 tus,
547 761 715 803 mane
736 739 798 802 in
817 739 1046 816 urbem,
1079 748 1249 823 atque
1275 760 1310 802 a
1329 749 1492 822 porta
1506 743 1550 780 ¹⁸
1571 741 1811 804 domum
1844 742 2139 805 confestim
2167 743 2239 805 ad

400 824 479 883 M.
504 819 890 902 Pomponium
922 819 1219 881 tribunum
1252 819 1440 902 pergit
1454 836 1475 898 3
1512 820 1770 903 janitori,
1805 843 1946 904 opus
1979 843 2097 884 esse
2131 822 2236 883 sibi

398 900 632 963 domino
645 901 768 982 ejus
782 901 1102 961 convento¹⁹
1116 907 1301 962 extem
1341 901 1419 977 lo,
1437 899 1539 978 ait3
1554 900 1843 963 nuntiaret
1852 905 1921 963 T.
1939 902 2237 978 Manlium,

395 980 565 1053 ¹Lucii
584 979 795 1057 filium,
816 998 956 1043 esse.
987 982 1117 1041 Mox
1134 978 1284 1041 intro
1327 987 1491 1042 uetus
1508 979 1744 1072 (etenim
1763 980 2044 1062 percitum
2066 980 2152 1043 ira
2177 981 2240 1041 in

399 1068 620 1141 patrem
641 1079 767 1141 spes
786 1068 929 1135 erat,
958 1067 1057 1121 aut
1078 1056 1335 1122 criminis
1355 1059 1570 1142 aliquid
1593 1058 1760 1137 novi,
1781 1068 1880 1122 aut
1914 1059 2132 1123 consilii
2166 1060 2237 1121 ad

398 1160 523 1201 rem
543 1138 821 1223 agendam
846 1138 1099 1280 deferre?>
1111 1140 1290 1202 salute
1311 1148 1539 1231 accepta
1555 1139 1908 1222 redditaque,
1935 1160 2054 1201 esse
2068 1139 2149 1202 ait
2163 1141 2237 1214 ⁹⁰,

399 1240 526 1300 quae
545 1239 678 1282 cum
707 1238 773 1280 eo
806 1239 969 1299 agere
997 1239 1061 1281 ar
1100 1217 1226 1280 itris
1259 1226 1494 1281 remotis
1513 1218 1669 1282 velit.
1706 1220 1912 1282 Procul
1938 1219 2070 1280 inde
2104 1240 2238 1280 om-

397 1297 566 1360 nihus
592 1297 748 1360 abire
763 1297 960 1380 iussiS,
980 1300 1230 1377 cultrum
1250 1297 1480 1380 stringit
1513 1317 1530 1361 ε
1561 1308 1619 1361 et
1644 1319 1814 1380 super
1839 1301 2050 1360 lectum
2083 1306 2239 1365 stans

396 1380 544 1439 ferro
571 1377 785 1439 intento
789 1422 811 1455 ,
832 1376 943 1439 nisi
970 1378 1032 1439 in
1057 1398 1185 1461 quse
1202 1376 1324 1459 ipse
1343 1378 1689 1461 concepisset
1707 1381 1754 1417 ¹¹
1780 1378 1974 1455 verba,
1990 1379 2235 1459 juraret,

405 1477 515 1520 «se
535 1457 709 1538 patris
727 1457 850 1539 ejus
869 1456 1167 1520 accusandi
1201 1477 1371 1520 causa
1404 1458 1705 1519 consilium
1738 1456 1917 1539 plebis
1938 1478 2232 1540 nunquam

395 1535 729 1598 habiturum
745 1582 767 1613 ,
802 1559 833 1597 1>
891 1546 953 1598 'se
998 1557 1134 1598 eum
1185 1544 1372 1599 extem
1410 1538 1466 1599 lo
1506 1537 1913 1599 transfixurum
1955 1537 2228 1598 minatur.

395 1613 639 1676 Pavidus
666 1615 929 1676 tribunus
954 1615 1202 1756 (quippe
1232 1615 1331 1696 qui
1380 1636 1575 1679 errum
1603 1624 1733 1678 ante
1775 1617 1965 1677 oculos
1997 1615 2234 1692 micare,

396 1714 457 1754 se
483 1694 671 1755 solum
688 1739 709 1770 ‚
730 1692 1012 1755 inermem
1027 1737 1049 1768 ,
1084 1695 1127 1755 11
1148 1714 1250 1754 um
1284 1695 1653 1776 'praevalidum
1679 1694 1950 1776 juvenem
1964 1739 1987 1771 ,
2008 1701 2066 1756 et
2085 1694 2235 1777 quod

395 1772 551 1834 haud
585 1771 780 1833 minus
811 1771 1132 1834 timendum
1159 1781 1318 1850 erat,
1359 1774 1556 1837 stolide
1581 1776 1828 1837 ferocem
1863 1772 2080 1835 viribus
2119 1772 2236 1834 suis

396 1855 674 1932 cerneret)
693 1851 916 1944 adjurat
935 1851 998 1912 in
1019 1871 1145 1934 quae
1165 1852 1396 1915 adactus
1418 1862 1503 1914 est
1520 1854 1713 1932 verba,
1735 1862 1792 1916 et
1817 1872 1934 1934 prae
1953 1873 2012 1914 se
2032 1851 2235 1914 deinde

395 1930 528 1992 tulit
541 1935 615 2008 ²²,
636 1952 703 1994 ea
721 1953 778 1992 vi
805 1931 1108 2003 subactum
1127 1951 1187 1993 se
1206 1930 1431 2012 incepto
1450 1930 1746 1995 destitisse.
1778 1935 1894 1995 Nec
1913 1931 2148 2014 perinde
2164 1935 2232 2007 ³⁸,

395 2018 462 2070 ut
480 2010 775 2072 maluisset
806 2009 996 2092 plebes
1022 2009 1130 2071 sibi
1151 2009 1405 2102 suffragii
1423 2010 1641 2073 ferendi
1661 2011 1732 2072 de
1763 2019 1881 2073 tam
1922 2011 2136 2075 crudeli
2179 2019 2236 2071 et

395 2090 638 2170 superbo
664 2109 763 2151 reo
788 2096 1125 2173 potestatem
1149 2089 1310 2169 fieri3
1340 2098 1422 2152 ita
1445 2110 1593 2172 aegre
1613 2090 1814 2152 habuit
1839 2090 2025 2153 filium
2044 2090 2103 2151 id
2132 2110 2234 2171 pro

393 2177 626 2249 parente
651 2184 894 2247 ausum3
937 2189 1115 2251 eoque
1140 2168 1200 2230 id
1230 2168 1569 2231 laudabilius
1602 2178 1759 2247 erat,
1788 2170 1939 2252 quod
1972 2169 2232 2231 animum

394 2248 516 2328 ejus
543 2256 701 2311 tanta
718 2248 992 2311 acerbitas
1019 2248 1202 2329 patria
1226 2248 1372 2310 nihil
1398 2269 1435 2311 a
1452 2249 1663 2341 pietate
1690 2249 1999 2313 avertisset.
2039 2252 2234 2330 Itaque

394 2347 510 2388 non
536 2327 683 2408 patri
717 2327 896 2390 'modo
924 2327 1160 2391 remissa
1193 2348 1376 2390 causae
1410 2328 1582 2391 dictio
1619 2336 1706 2391 est
1720 2373 1742 2405 ,
1776 2329 1874 2390 sed
1905 2326 2016 2409 ipsi
2058 2327 2231 2391 etiam

395 2405 732 2468 adolescenti
758 2428 826 2469 ea
861 2427 955 2470 res
965 2406 1175 2469 honori
1204 2406 1350 2486 suits,
1385 2415 1442 2469 et
1469 2428 1651 2489 quum
1685 2427 1752 2469 eo
1785 2428 1935 2469 anno
1975 2406 2231 2498 primum

396 2484 696 2565 placuisset
726 2486 985 2549 tribunos
1016 2485 1271 2548 militum
1306 2485 1377 2549 ad
1416 2486 1664 2568 legiones
1689 2487 1739 2525 ¹⁸
1772 2487 2036 2568 suffragio
2070 2486 2193 2547 fleri
2212 2532 2237 2562 ,

394 2755 628 2808 contraire,
667 2767 725 2798 au
768 2754 952 2798 rebours
996 2757 1053 2800 de
1098 2760 1196 2800 tout
1236 2755 1283 2799 le
1336 2759 1436 2799 tout
1462 2756 1520 2798 de
1548 2752 1694 2799 meme
1722 2766 1807 2808 que
1833 2755 1878 2798 le
1994 2756 2069 2810 pl‘e
2089 2768 2168 2799 aur
2183 2760 2231 2805 ft

392 2808 572 2853 monde.
592 2822 616 2848 ιι
1145 2822 1149 2826 ·
1173 2850 1174 2853 ,
1335 2811 1485 2852 mieux
1500 2806 1636 2853 aime·
1658 2819 1683 2845 α
1699 2809 1802 2863 quoi
1831 2820 1887 2851 ue
1924 2820 1949 2851 e
1965 2809 2126 2863 peuple
2213 2815 2232 2850 t

446 2860 492 2894 ¹⁸
522 2859 787 2923 criminum,
806 2861 1146 2904 «accusation»
1335 2861 1483 2905 mieux
1493 2839 1802 2905 aimeetremis
1847 2859 1990 2905 meme
2001 2863 2223 2916 de...‚etc.

446 2911 576 2979 1⁶⁸⁶&
626 2917 780 2976 arent}
808 2924 934 2969 opem
956 2913 1101 2976 lutam
1125 2912 1262 2976 rra-alle
1335 2914 1486 2959 Iln’en
1496 2915 1563 2957 fut
1575 2926 1656 2969 pas
1666 2916 1917 2978 cependant
1928 2914 2069 2969 fache,
2091 2920 2188 2979 etc.
2203 2931 2225 2954 ι

395 2978 417 3002 ε
437 2967 541 3020 quil
643 2971 706 3008 ait
719 2978 868 3009 mieux
892 2977 1018 3009 venir
1038 2977 1097 3008 en
1129 2967 1230 3009 aide
1256 2945 1286 3010 ἕ
1334 2965 1435 3064 ΒΝ·
1457 2965 1680 3012 Tribunos
1707 2968 1905 3012 multtum
1926 2967 1991 3010 ad
2011 2967 2228 3033 legzones,

392 3017 783 3136 wapgluz‘n’q-uang
801 3083 892 3136 nov}
908 3069 1060 3113 civilis
1072 3072 1282 3136 exempli,
1333 3021 1543 3117 Ῑεὲῗιίιιιξε
1568 3022 2231 3137 εἶῇἒῗᾱᾮῗὲξιῖῇἓξὲᾎξέιῗ

394 3137 418 3161 ¹
432 3137 621 3180 quoique
651 3137 742 3167 non
761 3137 791 3168 a
817 3126 967 3168 imiter
991 3134 1048 3167 au
1070 3131 1200 3179 point
1226 3127 1283 3169 de
1334 3131 1483 3170 tontes
1510 3128 1580 3170 les
1610 3128 1911 3170 nominatione
1942 3128 2022 3170 des
2055 3128 2228 3169 tribuna

393 3188 475 3222 me
493 3179 611 3230 civil,
629 3176 760 3231 legal.
781 3194 804 3217 »
1201 3186 1206 3191 “
1336 3180 1416 3222 des
1440 3180 1628 3233 soldats3
1657 3180 1769 3222 mals
1801 3192 1858 3222 en
1885 3180 1966 3222 393
1997 3182 2042 3223 le
2067 3180 2227 3233 peuple

317 3246 320 3247 ⁷
443 3230 490 3267 1⁸
506 3229 671 3283 Porta,
691 3234 845 3273 s.-ent.
861 3226 1006 3273 wrbie.
1335 3232 1555 3286 s’arrogea
1565 3233 1610 3275 le
1624 3233 1742 3276 droit
1757 3233 1813 3276 de
1830 3244 2030 3276 nommer
2044 3233 2228 3274 annuel-

446 3283 489 3319 ¹⁹
510 3282 753 3331 convento,
770 3297 813 3338 p.
867 3294 963 3325 uem
982 3284 1234 3330 conveniat.
1330 3282 1503 3328 lement
1534 3287 1602 3329 six
1631 3286 1688 3329 de
1718 3297 1795 3329 ces
1824 3285 2027 3328 officiers.
2058 3283 2129 3328 On
2159 3285 2229 3327 len

444 3336 491 3370 ²⁰
508 3335 609 3390 Ait,
632 3342 786 3380 secut.
866 3336 1038 3380 aulius.
1333 3350 1514 3381 nomme.
1536 3338 1775 3392 comitiali,
1807 3351 1888 3392 par
1917 3338 2169 3391 opposition
2201 3335 2227 3378 a

443 3388 488 3422 ¹¹
512 3387 647 3436 Quaei
682 3403 729 3433 se
744 3389 1043 3446 concepisset,
1072 3402 1096 3427 ι
1114 3391 1224 3434 dont
1247 3392 1283 3434 il
1335 3403 1446 3435 ceux
1507 3392 1555 3434 ui
1582 3389 1755 3434 etaient
1782 3389 2225 3451 precedemmentpu

394 3442 517 3484 alluit
532 3444 595 3487 lui
613 3446 752 3487 dictet·
764 3445 810 3487 la
824 3443 1062 3486 formale.»
1335 3444 1464 3487 choix
1520 3456 1570 3487 es
1595 3445 1846 3497 magistrats
1881 3448 1929 3485 et
1954 3443 2084 3496 qu'ou
2111 3442 2222 3483 desi-

444 3494 491 3529 22
506 3494 612 3557 ,Proe
629 3509 675 3538 se
703 3498 824 3547 tulit,
856 3497 927 3539 ‹1'1
953 3496 1037 3538 mit
1058 3508 1116 3539 en
1134 3501 1282 3551 avant,
1338 3498 1462 3550 gnait
1477 3508 1581 3538 sous
1592 3497 1637 3538 le
1650 3508 1755 3537 nom
1773 3497 1830 3537 de
1846 3474 2026 3549 ltu-suli,
2047 3495 2107 3533 du
2122 3503 2228 3552 nom

394 3548 424 3590 u
473 3550 682 3591 retendit.
699 3563 722 3587 ι
1333 3551 1391 3591 de
1399 3549 1592 3592 Rutilius
1600 3546 1755 3599 Rufus,
1766 3543 1934 3595 consul,
1945 3545 2021 3598 qui
2032 3545 2097 3584 les
2111 3545 2227 3584 &vast

469 3598 493 3634 ⁸
506 3599 603 3645 Nee
619 3603 813 3658 perinde,
833 3606 955 3652 uim,
972 3604 1079 3656 etc„
1096 3614 1155 3646 m.
1178 3601 1206 3646 ὲ.
1218 3615 1277 3646 m.
1333 3599 1557 3645 institues.
