2525 3984
864 154 868 159 ’
961 151 1531 217 ,ΝΑΒΗΑΤΙΟΝΕᾶ
2052 161 2181 223 143.

338 292 676 365 petanosque
690 281 737 318 ⁸¹⁹
767 297 784 342 z
817 280 916 361 qui
936 279 1048 340 duo
1068 300 1141 360 po
1180 280 1264 340 uli
1278 325 1299 355 ,
1320 280 1565 341 delectus
1592 282 1893 344 acerbitate
1921 292 2174 347 conster-

312 362 481 438 nati,
521 360 751 423 retentis
788 358 1148 439 conquisitori
1191 361 1344 434 us⁸⁸‚
1383 368 1603 420 metum
1645 360 1972 423 defectionis
1996 385 2173 445 quum

338 441 726 522 pioebuissent,
750 439 999 520 oppressi
1028 438 1311 502 celeritate
1343 438 1661 516 AnnibaliS,
1687 439 2001 502 omiserunt
2026 452 2178 505 mota

337 541 520 582 arma.

422 603 531 666 ‘Nec
562 598 796 681 Sagunti
825 596 1171 680 oppugnatio
1193 596 1417 679 segnior
1437 606 1580 674 erat,
1606 598 1948 676 Maharbale,
1972 599 2181 662 Himil-

339 678 494 741 conis
540 679 655 739 filio
670 724 691 756 ,
740 698 912 760 quem
960 678 1288 760 praefeoerat
1327 677 1605 754 Annibal,
1649 676 1729 739 ita
1774 677 2017 769 impigre
2054 698 2178 740 rem

339 766 561 840 agente,
585 766 651 820 ut
676 757 883 821 ducem
907 758 1098 820 abesse
1120 776 1224 818 nec
1242 762 1439 818 cives?
1455 778 1558 819 nec
1584 759 1771 819 hostes
1805 766 2095 821 sentirent.
2127 761 2180 819 Is

341 847 396 900 et
423 837 618 919 praelia
643 836 857 921 aliquot
880 836 1125 899 secunda
1151 838 1307 913 fecit,
1332 849 1390 897 et
1415 836 1599 898 tribus
1627 836 1896 898 arietibus
1931 834 2182 918 aliquan-

322 919 533 979 tulum
572 916 726 978 muri
765 915 1052 994 discussit,
1095 923 1375 996 strataque
1419 915 1613 981 omnia
1653 915 1970 978 recentibus
2003 916 2183 978 ruinis

344 995 663 1059 advenienti
720 995 987 1059 Annibali
1042 994 1305 1057 ostendit.
1362 995 1561 1076 Itaque
1619 994 1691 1056 ad
1750 994 1941 1076 ipsam*
1993 1015 2182 1057 arcem

344 1076 625 1156 externplo
662 1076 865 1137 ductus
895 1074 1170 1137 exercitus
1186 1118 1208 1150 ,
1239 1082 1512 1154 atroxque
1547 1073 1809 1154 praelium
1851 1094 1985 1136 cum
2025 1077 2187 1135 mul-

349 1163 535 1219 torum
560 1154 848 1236 utrimque
875 1153 1026 1215 caede
1055 1153 1289 1228 initum,
1313 1162 1369 1214 et
1400 1173 1530 1234 pars
1549 1152 1695 1214 arcis
1721 1173 1787 1215 ca
1829 1161 1884 1215 ta
1910 1162 2014 1215 est.
2041 1157 2185 1215 Ten-

350 1243 463 1296 tata
508 1233 709 1297 deinde
758 1254 857 1314 per
904 1233 1047 1295 duos
1091 1240 1177 1295 est
1213 1232 1416 1312 exigua
1454 1230 1606 1313 pacis
1650 1253 1775 1314 spes
1813 1232 1859 1310 ⁸,
1914 1234 2183 1294 Alconem

348 1313 753 1406 Saguntinum,
775 1322 832 1375 et
853 1314 1124 1374 Alorcum
1147 1310 1486 1392 Hispanum.
1513 1314 1714 1388 Alcon,
1742 1311 1933 1373 insciis
1961 1315 2189 1393 Sagun-

352 1393 507 1470 tims,
528 1393 786 1474 precibus
806 1391 1333 1473 aliquid'moturum
1354 1399 1509 1452 ratus
1513 1437 1534 1467 ,
1555 1412 1736 1473 quum
1759 1392 1830 1453 ad
1850 1392 2186 1453 Annibalem

351 1480 523 1534 noctu
542 1473 853 1548 transisset,
875 1492 975 1553 pos
1077 1491 1174 1532 am
1195 1469 1340 1531 nihil
1363 1471 1625 1552 lacrymas
1653 1471 1977 1547 movebant,
1999 1470 2191 1532 condi-

354 1551 642 1632 tionesque
664 1552 871 1628 tristes,
900 1558 968 1611 ut
1102 1549 1244 1611 irato
1278 1549 1486 1611 victore
1520 1550 1867 1625 ferebantur,
1903 1551 2191 1631 transfuga

352 1651 420 1692 ex
446 1639 665 1692 oratore
684 1631 866 1693 factus
881 1630 953 1706 ⁸⁷,
976 1649 1011 1690 a
1048 1628 1127 1691 ud
1150 1630 1370 1690 hostem
1392 1628 1634 1707 mansn3
1667 1629 2013 1690 moriturum
2039 1630 2192 1690 affir-

355 1730 543 1785 mans,
572 1709 670 1791 qui
691 1710 737 1746 ⁸⁸
773 1709 877 1781 suh
899 1728 1005 1770 con
1045 1705 1315 1770 itionibus
1333 1706 1422 1768 his
1448 1708 1519 1769 de
1538 1728 1673 1790 pace
1693 1717 1901 1790 ageret.
1929 1709 2192 1770 Postula-

353 1789 523 1850 batur
544 1797 759 1865 autem,
781 1787 1078 1852 redderent
1099 1807 1189 1849 res
1212 1787 1551 1849 Turdetanis
1564 1790 1647 1866 ⁴⁹3
1689 1787 2002 1869 traditoque
2035 1787 2189 1849 omni

356 1889 493 1929 auro
527 1877 694 1950 atque
720 1877 984 1950 argento,
1005 1865 1212 1949 egressi
1242 1866 1383 1928 urbe
1412 1887 1546 1928 cum
1581 1866 1817 1958 singulis
1846 1866 2193 1929 vestimentis

359 1947 434 2007 ibi
450 1946 794 2025 habitarent,
807 1945 907 2009 ubi
923 1950 1131 2011 Poenus
1146 1945 1424 2028 jussisset.
1443 1948 1557 2007 Has
1570 1966 1724 2026 pacis
1745 1948 1894 2028 leges
1914 1947 2194 2008 abnuente

360 2028 570 2088 Alcone
596 2036 923 2107 accepturos
952 2025 1321 2107 Saguntinos,
1349 2026 1610 2102 Alorcus,
1634 2025 1783 2087 vinci
1820 2025 2064 2102 animos,
2095 2025 2194 2086 ubi

359 2105 471 2167 alia
501 2103 801 2167 vincantur
815 2108 889 2182 ⁵⁰,
919 2106 1231 2181 affirmanS,
1266 2125 1325 2168 se
1355 2103 1507 2187 pacis
1529 2105 1651 2187 ejus
1677 2104 2042 2186 interpretem
2079 2106 2197 2166 fore

363 2183 678 2265 pollicetur.
735 2185 869 2246 Erat
921 2192 1114 2247 autem
1168 2191 1293 2244 tum
1341 2183 1509 2247 miles
1557 2185 1851 2247 Annibalis
1866 2200 1889 2263 3
1930 2193 2196 2246 caeterum

363 2262 584 2343 publice
608 2263 933 2346 Saguntinis
955 2262 1171 2326 amicus
1188 2271 1359 2345 atque
1376 2264 1609 2344 hospes..
1633 2263 1862 2328 Tradito
1884 2267 2070 2345 palam
2090 2264 2198 2324 telo

362 2343 687 2404 custodibus
719 2343 968 2405 hostium
1001 2351 1352 2434 trangressus
1376 2342 1769 2418 munimenta,
1802 2342 1873 2403 ad
1902 2352 2197 2424 praetorem

364 2422 747 2501 Saguntinum
770 2424 849 2500 (et
874 2422 994 2502 ipse
1020 2421 1101 2484 ita
1125 2421 1393 2502 jubebat)
1419 2429 1503 2483 est
1530 2420 1803 2483 deductus
1833 2439 1850 2483 t
1883 2443 1994 2504 quo
2022 2442 2199 2504 quum

364 2501 646 2581 extemplo
678 2520 983 2562 concursus
1019 2500 1204 2562 omnis
1240 2499 1459 2582 generis
1490 2500 1792 2561 bominum
1822 2509 1964 2562 esset
1997 2503 2200 2575 factus,

363 2587 655 2640 summota
689 2589 886 2640 caetera
915 2578 1306 2655 multitudine,
1341 2589 1568 2642 senatus
1595 2581 1800 2641 Alorco
1832 2580 1996 2642 datus
2021 2581 2200 2655 est⁸¹3

366 2658 527 2738 cujus
551 2658 674 2719 talis
699 2658 875 2720 oratio
897 2657 1005 2719 fuit
1021 2676 1046 2749 ,ε

367 2817 514 2861 i’Anas
533 2822 581 2860 et
599 2817 641 2862 le
658 2815 785 2861 Betis
805 2815 867 2872 (la
892 2814 1129 2862 Gaudiana
1148 2822 1195 2862 et
1218 2819 1262 2862 le
1307 2835 1313 2840 ·
1367 2815 1415 2852 ⁴⁸
1443 2816 1722 2861 Morum-um
1775 2817 2008 2873 affirmem
2061 2821 2204 2874 qui...-

367 2868 716 2924 Guadalquivir).
1317 2883 1338 2909 e
1357 2869 1586 2915 declarant
1618 2871 1721 2934 qu'il
1746 2883 1777 2925 y
1793 2873 1919 2916 ausit
1952 2873 2010 2916 de
2038 2873 2085 2916 la
2114 2873 2205 2918 tete

422 2921 468 2956 *ὃ
492 2921 792 2978 Carpetanos,
809 2919 1136 2976 ‹Carpetana›
1186 2935 1263 2966 eu-
1314 2936 1425 2978 pour
1439 2925 1553 2968 celui
1574 2936 1699 2977 qm...
1718 2938 1740 2963 ι
2173 2958 2177 2964 .

398 2977 441 3018 le
461 2975 579 3017 dela
592 2974 733 3018 meme
751 2977 959 3029 province
974 2976 1143 3030 (aujour-
1172 2976 1264 3019 'hui
1369 2975 1416 3011 ⁸⁹
1447 2975 1731 3023 Turdetanis,
1764 2988 1787 3013 ι
1803 2977 1871 3020 les
1899 2976 2162 3028 Turdetum,
2183 2991 2205 3016 »

370 3040 415 3071 ,ει
432 3027 582 3071 Sierra
598 3028 644 3070 ds
664 3026 959 3082 Guadalupe),
976 3040 1076 3072 vers
1096 3029 1141 3071 le
1159 3040 1265 3072 cen-
1314 3031 1477 3085 peuple
1496 3028 1599 3072 d'Es
1657 3041 1745 3083 gne
1757 3032 1831 3096 qui
1844 3030 2050 3072 habitent
2068 3028 2204 3072 laBe‘·

365 3088 438 3141 ‘tre
457 3080 514 3122 de
530 3081 575 3121 la
591 3079 837 3136 peninsula,
855 3095 931 3126 sur
940 3083 1007 3125 les
1019 3081 1135 3126 deux
1147 3082 1264 3126 rives
1315 3084 1350 3125 ti
1381 3095 1453 3132 ue,
1477 3098 1500 3123 »
1524 3081 1557 3144 ῥ,
1571 3041 1653 3124 Ιὲ.
1677 3083 1737 3143 de
1752 3083 1767 3124 1
1781 3082 1900 3125 Anas
1923 3081 2202 3135 (Gaudiana).

357 3135 431 3181 ‚du
445 3132 512 3174 Ta
573 3162 585 3174 .
1393 3134 1417 3169 0
1448 3132 1536 3178 Πὸι
1565 3133 1665 3179 alta
1694 3140 1952 3184 meantum
1989 3147 2012 3171 ε
2035 3136 2097 3178 du
2114 3146 2201 3177 mov

425 3183 472 3218 *⁵
539 3184 902 3240 anquirani-ibus,
939 3199 962 3224 ε
976 3188 1043 3230 les
1072 3186 1264 3231 officient
1315 3193 1440 3231 ment
1460 3199 1546 3242 que
1566 3189 1607 3231 le
1623 3196 1742 3229 reste
1760 3188 1909 3231 devait
1925 3186 2113 3247 ceder„
2146 3198 2208 3227 ne

372 3239 429 3280 de
449 3243 758 3281 recrutement.
780 3253 802 3278 υ
1317 3243 1496 3295 pouvait
1543 3251 1756 3294 manquer
1797 3241 1854 3283 de
1897 3242 2023 3283 cedei
2042 3276 2047 3282 .
2087 3238 2200 3290 Alia

426 3289 473 3324 *Β
506 3289 743 3333 Tentata...
759 3288 922 3346 eet-iqua
930 3290 1058 3348 pacit
1076 3302 1188 3347 spes,
1205 3294 1269 3338 «11
1316 3293 1476 3337 cea-d.
1492 3292 1924 3344 ammunimenta,
1939 3303 2060 3335 arces
2078 3294 2104 3346 .)

369 3355 403 3397 y
434 3347 512 3387 eut
601 3345 753 3398 elques
783 3352 1036 3388 ouvertures
1057 3345 1113 3388 de
1134 3344 1265 3391 faites
1373 3343 1417 3379 ⁸¹
1444 3344 1640 3387 Senatus
1659 3344 1826 3388 Alorco
1853 3345 1984 3386 datus
1999 3347 2082 3391 est,
2119 3350 2211 3388 mot

373 3407 430 3439 eu
449 3408 533 3439 vue
584 3409 610 3439 e
628 3399 673 3440 Ia
692 3399 808 3451 paix.
829 3411 853 3436 ι
1322 3396 1350 3443 ὸ,
1365 3403 1458 3440 mot
1476 3407 1489 3440 ε
1508 3410 1530 3434 ε
1546 3410 1602 3441 on
1619 3398 1677 3440 lui
1696 3399 1882 3441 aecor-da
1892 3410 1982 3440 une
1996 3398 2211 3440 audianos

427 3447 473 3484 Π
506 3449 768 3514 Transsuya
794 3461 853 3491 ex
889 3450 1069 3495 oratore
1085 3448 1264 3507 sactus,
1317 3451 1376 3495 du
1397 3451 1538 3501 senat,
1557 3466 1577 3490 ι
1597 3457 1644 3492 et
1664 3463 1752 3493 non
1774 3462 1854 3503 pas
1874 3463 1885 3493 :
1907 3462 1964 3492 on
1984 3449 2044 3492 lui
2062 3449 2214 3492 donna

379 3516 395 3536 π
418 3500 579 3557 s'etant
597 3504 678 3546 tart
700 3506 939 3558 transfuge,
976 3503 1033 3546 (le
1062 3504 1271 3558 negocia-
1322 3503 1474 3547 entree
1498 3505 1607 3546 dans
1622 3503 1666 3553 le
1684 3507 1826 3547 senat.
1845 3514 1905 3546 on
1925 3512 2152 3555 convoqua
2176 3503 2216 3543 le

377 3562 473 3599 {eur
488 3556 593 3610 qu'il
610 3555 736 3598 &tait-
754 3570 776 3595 ι
1254 3581 1258 3584 >
1324 3557 1451 3602 senat
1468 3570 1576 3609 pour
1596 3555 1862 3601 l’entendre.
1950 3584 1953 3587 ι
