2525 3984
308 202 428 264 256
952 195 1502 258 NARRATIONES.

347 329 503 389 inam
525 326 586 386 in
607 321 973 385 matrimonio
994 325 1297 405 pluresque
1321 343 1389 385 ex
1408 344 1475 385 ea
1494 324 1698 384 liberos
1725 324 1971 387 habebat
1992 342 2012 404 3
2034 334 2154 418 ipse

308 351 490 469 bruzo
517 406 689 466 fratre
710 401 923 463 Tiberii
951 402 1195 484 genitus,
1223 404 1492 494 Augustas
1513 404 1557 441 ¹⁸
1582 424 1783 484 nePOS,
1820 404 1916 466 sed
1952 426 2153 468 anxius

303 484 541 547 occultis
568 483 627 543 in
660 503 718 543 se
778 480 926 542 atrui
951 482 1199 572 aviaeque
1217 481 1385 558 odiis,
1413 503 1659 563 quorum
1679 503 1861 545 causoe
1885 484 2152 562 acriores,

307 565 442 638 quia
464 563 696 644 iniquoe.
770 561 940 642 uippe
967 564 1134 622 Drusi
1157 582 1364 642 magna
1382 561 1533 642 apud
1551 564 1826 643 populum
1846 584 2151 627 romanum

314 641 609 718 memoria,
638 641 1103 727 credebaturque,
1125 640 1172 702 si
1198 661 1393 702 rerum
1414 639 1622 721 potitus
1646 643 1812 718 foret,
1834 643 2152 705 libertatem

314 722 634 783 redditurus
648 722 739 787 ¹⁹:
767 719 919 781 unde
953 718 1014 781 in
1055 719 1459 782 Germanicum
1501 722 1659 782 favor
1684 729 1740 782 et
1772 742 1897 802 spes
1929 723 2148 784 eadem.

311 804 459 865 Nam
487 798 687 894 juveni
727 798 890 862 civile
917 798 1211 881 ingenium
1227 801 1300 875 ²⁰,
1336 799 1483 860 mira
1510 800 1746 862 comitas
1778 809 1836 862 et
1873 800 2093 864 diversa
2120 824 2153 864 a

311 881 524 945 Tiheni
557 897 839 956 sermone,
866 880 1062 955 vultu,
1084 878 1476 961 arrogantibus
1509 887 1566 940 et
1598 880 1870 942 obscuris.
1900 881 2154 942 Accede-

311 960 448 1022 bant
473 959 777 1022 muliebres
804 957 1133 1020 offensiones
1167 958 1558 1020 novercalibus
1589 959 1762 1021 Liviae
1787 958 1850 1020 in
1873 960 2152 1042 Agrippi-

313 1059 448 1100 nam
485 1037 766 1115 stimulis3
804 1045 972 1118 atque
1012 1037 1135 1118 ipsa
1171 1035 1486 1118 Agrippina
1510 1040 1699 1119 paullo
1725 1039 2149 1117 commotior¹¹,

312 1118 422 1179 nisi
463 1117 613 1199 quod
652 1116 904 1178 castitate
934 1124 991 1176 et
1028 1115 1219 1178 mariti
1262 1136 1457 1179 amore
1503 1117 1762 1199 quamvis
1804 1117 2150 1180 indomitum

313 1197 573 1259 animum
599 1195 662 1256 in
693 1195 910 1256 bonum
936 1195 1207 1257 vertebat.

393 1276 502 1337 Sed
544 1274 912 1339 Germanicus
926 1319 948 1349 ,
1001 1284 1214 1357 quanto
1261 1295 1509 1337 summae
1546 1276 1663 1357 spei
1703 1277 1956 1358 propior,
2000 1287 2151 1340 tanto

315 1354 627 1436 impensius
647 1375 749 1434 pro
773 1353 999 1415 Tiberio
1026 1354 1154 1415 niti.
1191 1356 1480 1445 Sequanos
1501 1354 1785 1446 proximos
1801 1360 1846 1392 ³⁸
1870 1364 1927 1418 et
1945 1360 2153 1438 Belga-

314 1454 446 1494 rum
468 1433 718 1495 civitates
738 1432 798 1492 in
821 1434 992 1493 verba
1010 1434 1133 1514 ejus
1160 1433 1358 1516 adigu.
1391 1435 1608 1496 Dehinc
1640 1435 1832 1496 audito
1861 1437 2149 1516 legionum

314 1515 566 1574 tumultu
582 1557 604 1589 ,
645 1510 853 1593 raptim
908 1515 1189 1592 profectus
1206 1558 1228 1590 ,
1270 1513 1459 1575 obvias
1498 1522 1654 1576 extra
1696 1522 1878 1576 castra
1913 1515 2113 1576 habuit
2127 1562 2147 1592 ‚

313 1591 542 1672 dejectis
583 1592 645 1653 in
695 1600 905 1653 terram
953 1591 1131 1653 oculis
1149 1637 1171 1670 ,
1224 1594 1378 1654 velut
1437 1593 1788 1684 poenitentia.
1845 1596 2147 1686 Postquam

312 1674 525 1733 vallum
565 1669 726 1747 iniit,
761 1669 972 1733 dissoni
1013 1679 1243 1754 questus
1281 1671 1466 1733 audiri
1507 1693 1726 1763 coepere
1759 1691 1776 1734 ε
1817 1681 1874 1733 et
1917 1674 2146 1755 quidam

312 1770 516 1830 prensa
537 1771 714 1813 manu
736 1751 857 1811 e‘us
880 1771 982 1841 per
1003 1751 1246 1832 speciem
1269 1751 1583 1828 osculandi,
1607 1762 1969 1814 mseruerunt
1994 1753 2150 1835 digi-

317 1838 423 1906 tos,
453 1839 517 1890 ut
549 1849 725 1891 vacua
757 1880 758 1883 η
799 1830 1023 1892 ent1bus
1056 1851 1154 1892 ora
1190 1830 1541 1913 contingeret
1572 1850 1587 1893 τ
1615 1831 1711 1892 alii
1736 1841 1966 1893 curvata
1995 1833 2149 1894 senio

314 1908 574 1970 membra
609 1908 994 1971 ostendebant.
1024 1909 1404 1987 Adsistentem
1445 1910 1807 1985 concionem,
1842 1911 1978 2001 quia
2013 1932 2151 1992 per-

313 1988 492 2049 mixta
511 1987 830 2065 videbatur,
858 1988 1142 2050 discedere
1167 1989 1229 2049 in
1269 1989 1588 2071 manipulos
1612 1989 1811 2070 jubet,
1840 2010 1919 2051 sic
1947 1990 2151 2052 melius

312 2067 603 2129 audituros
630 2088 962 2149 responsum
990 2066 1225 2130 :vexilla
1246 2068 1524 2148 praeferri,
1552 2077 1617 2128 ut
1644 2067 1702 2129 id
1729 2070 1925 2130 saltem
1948 2069 2153 2131 discer-

314 2154 472 2206 neret
493 2148 748 2208 cohortes
761 2148 849 2209 *θα
874 2146 1031 2208 tarde
1050 2147 1529 2228 obtemperavere.
1560 2148 1720 2209 Tunc
1743 2169 1777 2209 a
1797 2150 2151 2210 veneratione

314 2224 556 2304 Augusti
580 2247 739 2287 orsus
756 2226 828 2302 ¹⁴,
879 2227 1032 2288 flexit
1056 2226 1126 2287 ad
1149 2227 1410 2288 victorias
1440 2224 1873 2307 triumphosque
1913 2228 2150 2304 Tiberii,

314 2303 611 2384 praecipuis
654 2305 913 2367 laudibus
957 2306 1280 2383 celebrans,
1318 2326 1444 2387 quae
1476 2304 1627 2383 apud
1665 2305 1998 2366 Germanias
2040 2306 2167 2367 illis·

316 2402 448 2444 cum
469 2384 783 2466 legionibus
798 2384 1182 2466 pulcherrima
1199 2385 1441 2447 fecisset.
1453 2382 1626 2444 Italiae
1640 2381 1772 2444 inde
1786 2403 2151 2462 consensum,

313 2462 628 2525 Galliarum
651 2464 820 2525 fidem
848 2465 1061 2526 extollit
1072 2481 1092 2543 3
1118 2464 1201 2525 nil
1220 2485 1463 2546 usquam
1486 2462 1784 2524 turbidum
1802 2471 1902 2525 aut
1916 2463 2147 2526 discors,

394 2543 629 2605 Silentio
651 2545 797 2621 haec,
816 2545 903 2605 vel
928 2564 1224 2605 murmure
1250 2543 1476 2605 modico
1502 2542 1887 2610 auditassunt:
1915 2551 1980 2603 ut
1999 2543 2153 2605 sedi-

316 2621 530 2684 tionem
556 2622 765 2705 attigit,
798 2646 829 2684 c(
848 2622 948 2685 ubi
981 2622 1257 2685 modestia
1273 2625 1320 2659 ’⁸
1347 2621 1650 2682 militaris?
1675 2621 1772 2680 ubi
1800 2621 2002 2682 veteris
2027 2623 2154 2682 dis-

315 2701 538 2782 ciplinae
564 2703 773 2764 decus?
806 2722 1056 2784 quonam
1094 2702 1380 2778 tribunos,
1407 2722 1520 2783 quo
1546 2698 1900 2762 centuriones
1929 2701 2152 2781 exegis-

372 2864 414 2898 18
440 2865 664 2923 Auymiae,
685 2868 844 2913 «Livio
857 2882 880 2907 »
898 2871 1059 2913 femme
1074 2865 1203 2911 d’Au-
1254 2869 1353 2910 leur
1365 2866 1601 2910 territoire.
1617 2861 1817 2917 Capitale
1833 2861 2042 2908 Vesontio
2052 2861 2151 2918 (Be-

318 2921 825 3032 guffiebredebaquue'
848 2978 931 3017 etc.
946 2972 1107 3017 Tibere
1182 2993 1205 3004 -
1255 2932 1426 3008 Βᾶὲἒοῃ
1436 2946 1517 3014 lid
1528 2968 1702 3022 saltem,
1722 2982 1746 3008 c
1761 2968 1850 3012 ann
1865 2980 1953 3024 que
1961 2982 2014 3014 ce
2026 2973 2151 3027 signe

316 3020 408 3062 bha
425 3034 515 3064 une
533 3023 662 3085 lettre
681 3025 736 3066 de
759 3024 938 3079 Drusus,
957 3025 1016 3069 ou
1036 3039 1088 3070 ce
1136 3039 1205 3068 er-
1257 3024 1342 3092 (les
1359 3022 1629 3119 enseignes),
1649 3024 1708 3065 du
1724 3035 1932 3095 moins.)
1965 3023 2151 3090 Les-en-

316 3073 1031 3186 ffilffiibaditgeffiffteezffuguioe
1046 3078 1204 3123 areta-
1256 3091 1436 3173 zeeffile:
1515 3088 1564 3119 es
1611 3075 1817 3119 cohortes
1865 3078 2152 3132 sappelment

361 3177 418 3240 ‚²⁰
448 3179 583 3222 Civile
597 3181 835 3246 ingenium,
866 3145 1135 3239 ιὲιῗιιέερτίι
1152 3185 1210 3227 li-
1313 3183 1362 3218 18
1388 3163 1443 3227 Δ·
1463 3183 1746 3227 veneratione
1779 3185 1976 3239 Auqmti
2010 3196 2150 3231 orsu-5.

316 3232 876 3339 beffbggyliilgdrn‘iinbtior,
896 3302 989 3333 «un
1006 3301 1095 3344 peu
1108 3293 1208 3343 trop
1261 3238 2152 3353 {cgffipgapuffiffldggpgggmgffi

316 3336 429 3382 vive.
446 3353 470 3378 ›
1262 3341 1551 3387 Germanicus
1567 3354 1828 3399 commenca
1851 3355 1933 3386 son
1956 3344 2152 3385 discours

371 3389 417 3423 ²²
444 3391 673 3454 Sequanos
719 3391 958 3448 proximos.
1007 3394 1096 3437 Les
1130 3393 1209 3436 Se-
1260 3407 1318 3438 en
1343 3397 1490 3450 jetant
1507 3399 1572 3440 les
1590 3409 1704 3449 yeux
1732 3409 1807 3438 sur
1831 3396 2003 3448 rimago
2023 3394 2153 3438 d’Au-

349 3455 458 3507 aqna
472 3443 781 3508 Jaujourd'hui
803 3445 1203 3510 ‘Franche-Comte)
1319 3454 1401 3513 ste,
1456 3450 1578 3494 lacee
1602 3462 1674 3491 sur
1690 3448 1756 3490 les
1778 3450 2030 3501 enseignes,
2049 3448 2152 3545 ‹xu’ss

374 3497 565 3540 biment
598 3510 673 3540 sur
702 3500 748 3541 la
779 3510 870 3541 rive
907 3499 1049 3541 droite
1078 3501 1134 3542 de
1161 3501 1208 3542 la
1293 3502 1412 3545 echat
1443 3514 1631 3556 egenou
1659 3505 1705 3543 et
1731 3506 1857 3553 porta
1869 3501 2048 3545 laumin
2101 3513 2154 3546 ει

319 3545 480 3592 Saone.
505 3551 593 3593 Les
609 3551 781 3604 Vosges
800 3562 857 3593 au
878 3549 919 3592 N
923 3581 952 3603 .,
978 3551 1022 3592 le
1050 3551 1079 3594 J
1080 3563 1159 3594 ura
1178 3549 1208 3595 ὰ
1258 3552 1432 3597 bouche
1445 3569 1501 3599 en
1521 3556 1648 3608 signe
1663 3555 1718 3597 de
1737 3565 1808 3594 res
1839 3558 1924 3596 eet.

319 3598 1207 3658 PE..etlesAnobrogesaus..b01-naient
1314 3605 1361 3640 ²⁸
1388 3606 1626 3653 Modem'a.
1656 3607 1738 3649 «la
1757 3617 1809 3648 su
1840 3607 2148 3652 ordination.»
