2525 3984
296 165 413 227 170
956 160 1508 219 NARRATIONES.

292 294 504 356 ducere
535 305 776 370 agmen3
803 296 868 347 ut
946 307 1090 349 uum
1120 306 1261 367 opus
1284 288 1429 346 facto
1458 285 1554 363 sit,
1577 284 1869 347 adoriatur
1901 291 1972 347 ab
2007 302 2159 370 tergo

300 374 541 435 hostem.
568 368 658 430 Ad
678 367 738 432 id
759 365 876 428 dati
907 309 1081 429 gaces
1110 365 1254 427 Galli
1282 365 1519 426 edocent
1540 364 1673 426 inde
1697 364 1879 427 millia
1908 365 2159 451 quinque

298 461 356 512 et
373 449 573 533 viginti
600 449 778 509 ferme
800 467 996 527 supra,
1016 465 1201 526 parvae
1230 444 1429 505 insulae
1458 443 1870 506 circumfusum
1901 466 2159 526 amnem,

301 529 554 592 latiorem
584 527 683 588 ubi
712 525 1070 587 dividebatur
1084 526 1129 561 ¹⁰
1146 569 1167 600 ,
1196 545 1373 605 eoque
1402 523 1594 585 minus
1621 526 1732 585 alto
1752 525 1934 603 alveo,
1965 534 2160 589 traus-

301 611 449 670 itum
483 608 797 670 ostendere.
838 604 923 666 lbi
950 603 1163 685 raptim
1205 623 1346 664 caesa
1384 603 1659 679 materia,
1687 613 1948 694 ratesque
1975 606 2151 667 fabri-

297 696 436 749 catae
453 735 475 769 ,
525 686 584 746 in
624 685 832 776 quibus
865 682 995 766 equi
1024 683 1245 765 virique
1279 691 1334 743 et
1368 682 1478 743 alia
1517 703 1691 744 onera
1736 685 2133 764 trajicerentur

301 766 577 847 Hispani,
619 785 740 826 sine
774 764 894 825 ulla
927 765 1135 824 mole¹¹
1180 762 1242 822 in
1284 770 1439 822 utres
1479 761 1826 824 vestimentis
1867 765 2155 845 conjectis,

295 845 405 923 ipsi
426 845 590 906 cetris
619 841 923 925 suppositis
949 841 1306 917 incubanteS,
1329 842 1548 902 flumen
1570 851 1881 903 tranavere.
1919 845 1994 904 Et
2015 844 2159 906 alius

293 924 577 986 exercitus
593 927 636 961 ¹²
680 923 897 983 ratibus
933 921 1147 1001 junctis
1178 921 1480 1001 trajectus»,
1509 921 1705 982 castris
1733 942 1907 1002 prope
1942 922 2157 985 flumen

298 1002 496 1084 positis
512 1047 534 1079 ,
553 1011 832 1064 nocturno
865 1000 1066 1062 itinere
1101 1009 1270 1082 atque
1299 1000 1484 1081 operis
1514 1001 1704 1062 labore
1743 1001 1944 1078 fessus,
1968 1003 2158 1084 quiete

297 1082 472 1144 unius
504 1081 615 1154 diei
657 1079 951 1157 reficitur3
996 1079 1213 1141 intento
1260 1078 1464 1140 duce¹⁸
1499 1079 1570 1140 ad
1604 1078 1907 1142 consilium
1943 1101 2159 1162 oppor-

297 1171 438 1223 tune
460 1159 902 1243 exsequendum.
928 1162 1159 1220 Postero
1179 1158 1271 1221 die
1299 1158 1535 1239 profecti
1565 1180 1634 1221 ex
1676 1159 1796 1220 loco
1824 1159 1975 1221 edito
1997 1160 2157 1223 su'mo

299 1241 656 1322 significant,
688 1261 746 1300 se
784 1238 1083 1314 transisse,
1111 1246 1169 1299 et
1202 1238 1357 1299 haud
1387 1239 1583 1319 procul
1611 1238 1826 1299 abesse.
1858 1239 2023 1312 Quod
2057 1241 2154 1301 ubi

300 1319 511 1401 accepit
545 1317 792 1380 Annibal
809 1363 830 1395 ,
855 1338 928 1379 ne
965 1317 1207 1399 tempori
1235 1318 1452 1379 deesset
1466 1318 1537 1394 ¹3,
1560 1315 1658 1381 dat
1686 1318 1915 1398 signum
1939 1319 2011 1381 ad
2036 1327 2158 1381 tra—

296 1399 633 1480 jiciendum.
660 1400 788 1459 Jam
809 1407 1030 1479 paratas
1050 1404 1381 1478 aptatasque
1397 1402 1438 1436 ¹⁸
1470 1396 1716 1458 habebat
1735 1398 1904 1478 pedes
1923 1398 2154 1461 lintres:

292 1479 576 1560 equites¹⁸
597 1480 713 1539 fere
745 1479 1033 1559 propter¹⁷
1058 1496 1231 1558 equos
1265 1485 1463 1537 nantes
1502 1475 1735 1539 navium
1772 1479 2057 1557 agmen¹⁸,
2089 1479 2156 1540 ad

294 1558 694 1640 excipiendum
730 1556 949 1618 adversi
986 1555 1270 1646 impetum
1287 1557 1332 1593 ²⁹
1360 1553 1617 1617 fluminis
1635 1599 1656 1631 ,
1689 1563 1847 1635 parte
1868 1557 2158 1637 superiore

297 1637 685 1700 transmittens
700 1639 774 1712 ²⁰,
802 1636 1270 1716 tranquillitatem
1290 1634 1440 1695 infra
1459 1633 1873 1715 trajicientibus
1893 1636 2160 1698 lintribus

301 1717 608 1798 praebebat.
642 1718 940 1798 Equorum
972 1735 1102 1796 pars
1143 1734 1353 1796 magna
1391 1722 1590 1775 nantes
1629 1712 1762 1775 loris
1797 1734 1830 1775 a
1872 1715 2158 1796 puppibus

298 1797 697 1872 trahebantur,
746 1802 949 1877 praeter
993 1815 1113 1869 eOS,
1161 1815 1302 1876 quos
1343 1792 1607 1855 instratos
1664 1794 2046 1875 frenatosque,
2093 1808 2158 1856 ut

300 1877 579 1957 extemplo
610 1895 831 1956 egresso
858 1873 920 1934 in
942 1872 1129 1954 ripam
1161 1872 1341 1955 equiti
1373 1871 1504 1933 usui
1526 1881 1746 1949 essent,
1770 1872 2158 1954 imposuerant

304 1976 363 2014 1n
383 1975 575 2016 naves.

379 2034 528 2095 Galli
558 2042 854 2095 occursant
877 2034 941 2093 in
974 2031 1159 2113 ripam
1187 2053 1323 2093 cum
1344 2030 1515 2093 variis
1535 2031 1850 2093 ululatibus
1876 2041 2156 2117 cantuque

299 2113 478 2173 moris
527 2112 641 2189 sui,
696 2112 1012 2194 quatientes
1071 2119 1231 2173 scuta
1270 2132 1442 2192 super
1502 2110 1708 2191 capita,
1763 2111 2158 2194 vibrantesque

292 2190 509 2252 dextris
551 2193 685 2268 tela,
732 2194 1061 2282 quanquam
1108 2200 1166 2251 et
1205 2212 1273 2252 ex
1316 2190 1546 2251 adverso
1587 2188 1834 2252 terrebat
1881 2200 2033 2253 tanta
2074 2193 2157 2253 vis

297 2269 535 2332 navium
570 2290 703 2332 cum
737 2268 948 2351 ingenti
980 2290 1117 2331 sono
1148 2268 1406 2330 fluminis
1433 2279 1489 2331 et
1528 2271 1772 2330 clamore
1805 2271 1964 2331 vario
2005 2293 2158 2334 nau-

300 2359 493 2412 tarum
532 2359 588 2412 et
628 2349 914 2426 militum,
957 2349 1055 2432 qui
1094 2348 1426 2410 nitebantur
1466 2368 1831 2430 perrumpere
1871 2348 2152 2430 impetum

297 2430 557 2492 fluminis
562 2476 582 2507 ,
611 2429 786 2512 etqui
807 2450 876 2491 ex
893 2431 1070 2493 altera
1097 2428 1220 2511 ripa
1240 2428 1583 2510 trajicientes
1606 2450 1734 2489 suos
1754 2428 2151 2491 hortabantur.

293 2514 429 2573 Jam
463 2510 885 2592 satis'paventes
920 2510 1152 2571 adverso
1188 2509 1441 2570 tumultu
1457 2511 1500 2546 ’¹
1535 2507 1841 2569 terribilior
1879 2508 1959 2569 ab
1998 2517 2152 2591 tergo

293 2591 531 2655 adortus
566 2593 804 2667 clamor,
843 2589 1037 2652 castris
1071 2589 1142 2651 ab
1174 2590 1449 2649 Hannone
1481 2588 1681 2669 captis.
1721 2590 1850 2649 Mox
1885 2595 1940 2648 et
1974 2589 2092 2670 ipse
2105 2594 2151 2626 ²²

292 2671 518 2748 aderat,
540 2674 913 2753 ancepsque'³
944 2677 1124 2731 terror
1146 2667 1574 2744 circumstabat,
1602 2676 1658 2729 et
1678 2689 1711 2729 e
1732 2667 1972 2729 navibus
2003 2677 2153 2731 tanta

302 2750 357 2810 vi
388 2759 745 2813 armatorum
783 2750 844 2811 in
880 2758 1093 2812 terram
1125 2747 1424 2836 evadente,
1459 2755 1517 2808 et
1551 2748 1622 2809 ab
1658 2755 1814 2829 tergo
1848 2747 2151 2828 improvisa

356 2890 403 2924 ¹⁰
432 2888 519 2932 Ubi
535 2888 834 2939 dividebatwm
854 2903 877 2927 ι
888 2903 942 2934 au
953 2888 1147 2944 pointou
1165 2890 1199 2932 il
1244 2887 1355 2946 sere
1364 2890 1558 2944 propter
1577 2897 1711 2943 equos
1727 2888 1905 2929 nantes.
1931 2935 1943 2945 ,

296 2957 352 2989 ιε
371 2943 549 2986 divisait
564 2955 622 2986 en
638 2944 754 2986 deux
765 2943 885 2996 bras,
900 2958 923 2983 ιι
940 2942 967 2985 a
983 2945 1029 2986 la
1042 2943 1198 2997 pointe
1312 2941 1356 2976 ¹⁷
1384 2940 1589 2996 Propter,
1607 2952 1721 2994 pour
1739 2951 1902 2994 prope,
1913 2938 2068 2992 Juxta.

302 2993 482 3041 derne.
1311 2991 1356 3028 ¹⁸
1383 2992 1586 3036 Navium
1613 3004 1786 3046 agmen,
1818 3007 1841 3030 ι
1858 2993 1904 3034 la
1924 2992 2047 3045 ligne
2071 2990 2150 3033 des

327 3105 336 3115 ·
359 3048 402 3083 11
431 3046 542 3091 Sine
571 3045 674 3092 ulla
699 3045 829 3097 mole,
861 3060 886 3086 ι
903 3059 1007 3091 sans
1034 3046 1201 3091 hesita-
1255 3059 1432 3102 grosses
1454 3047 1803 3109 embarcations3
1817 3061 1839 3084 »
1912 3104 1915 3105 ⁷

297 3109 416 3190 *¹⁰3⁰
430 3117 560 3197 ,alius
578 3153 810 3203 exercitus,
842 3166 867 3193 c
883 3152 1039 3197 l’autre
1055 3154 1198 3206 partie
1253 3098 1458 3196 briszffi‘g
1466 3097 1775 3196 εᾶἳιίξὲηθῗῖἰιαω
1786 3107 2008 3152 mpetum,
2020 3108 2151 3150 ‘pour

299 3211 366 3254 du
380 3220 434 3253 co
486 3220 510 3251 8
526 3206 730 3252 d'armee.
752 3223 774 3247 ι
1309 3204 1357 3240 2⁰
1389 3205 1712 3251 Trans-mittem
1731 3204 1915 3260 equites,
1937 3215 1961 3240 ‹
1976 3208 2150 3256 portam

360 3261 406 3297 ¹³
476 3273 565 3312 uve,
589 3262 634 3304 le
661 3262 765 3307 chef
787 3262 848 3304 du
871 3258 1198 3312 detachement,
1253 3259 1322 3303 les
1339 3260 1554 3303 cavaliers
1571 3256 1599 3301 ὲ
1614 3258 1770 3299 l’autte
1790 3257 1917 3299 bord.
1934 3268 1958 3293 ι

304 3317 520 3362 Hannon.
1309 3311 1355 3345 21
1383 3311 1578 3355 Adverso
1609 3307 1821 3357 tumultu,
1852 3323 1875 3346 ι
1899 3320 1980 3362 par
2000 3307 2051 3350 le
2078 3311 2148 3347 tu—

359 3368 404 3403 15
429 3367 504 3411 Ne
531 3370 719 3433 tempprt
744 3365 924 3431 deesset,
957 3381 980 3406 ε
997 3379 1110 3422 pour
1138 3378 1199 3409 ne
1253 3365 1390 3433 multe
1440 3367 1517 3420 qui
1563 3376 1615 3409 se
1661 3361 1910 3418 produisait
1957 3370 2015 3402 en
2056 3358 2149 3402 face

301 3432 514 3530 98188ωῇ
533 3420 648 3523 {igis}
659 3420 1169 3527 ἶοὲἒῗιιίῗὲέξῖἓξὲἓὲξῖζ
1255 3420 1286 3460 d
1299 3430 1502 3524 ξιέΧῘὲεσ.
1530 3440 1744 3520 Hannon,
1775 3481 1799 3506 ‹
1816 3468 1880 3510 lui
1897 3466 2030 3512 aussi,
2050 3476 2074 3503 ἱ
2093 3465 2145 3507 de

359 3526 405 3561 ¹⁶
429 3526 635 3584 Equites,
664 3530 752 3569 etc.
781 3524 1062 3570 Construisez
1082 3537 1094 3566 z
1115 3535 1199 3565 na-
1253 3533 1336 3571 uon
1355 3521 1482 3574 eote3
1503 3521 1670 3576 oppos&
1689 3519 1719 3564 ὰ
1735 3520 1927 3564 clamor.

303 3579 423 3623 vium
469 3592 627 3639 agmen
675 3579 986 3624 transmittent
1034 3575 1200 3629 emittes
1307 3573 1355 3608 ²³
1381 3574 1577 3630 Anceps,
1592 3576 1703 3617 dana
1721 3582 1762 3624 le
1775 3585 1881 3617 sens
1899 3573 1958 3616 de
1970 3569 2133 3628 duplex

2252 3730 2525 3966 ,Α
