2525 3984
978 192 1530 252 NARRATIONES.
2067 194 2184 255 329

344 329 492 407 dine,
514 346 809 390 summum
830 325 1140 407 imperium
1163 346 1280 387 non
1302 325 1626 387 restrictum
1643 329 1687 363 ¹⁰
1708 344 1811 388 nec
1826 347 2186 408 perseverum

341 410 559 472 volunt.

420 488 658 549 Initium
682 485 1058 567 conjurationi
1089 505 1206 547 non
1244 506 1281 546 a
1307 484 1627 566 cupidine¹¹
1675 485 1853 567 ipsius
1893 485 2040 564 fuit3
2083 503 2187 546 nec

344 575 532 630 tamen
583 567 745 628 facile
797 565 1235 627 memoraverim
1320 564 1410 625 uis
1467 566 1691 645 primus
1737 574 1970 642 auctor,
2024 565 2188 646 cujus

283 656 286 660 ’
342 648 614 709 instinctu
672 646 959 707 concitum
1014 644 1086 705 sit
1107 689 1128 721 ,
1168 664 1282 725 quo
1377 652 1492 705 tam
1535 644 1703 705 multi
1732 653 2099 727 sumpserunt
2118 647 2184 703 ¹².

342 726 803 807 promptissimos
838 724 1113 786 Subrium
1142 723 1427 799 Flavium,
1460 722 1756 785 tribunum
1786 724 2061 803 praetoriae
2089 744 2177 785 co-

343 807 544 883 hortiS,
571 814 628 866 et
654 804 972 885 Sulpicium
998 806 1075 865 As
1116 823 1273 880 rum,
1308 801 1724 878 centurionem,
1749 803 2022 864 exstitisse
2049 823 2176 863 con-

342 887 550 949 stantia
583 884 764 945 exitus
799 884 1011 945 docuit.
1110 892 1132 945 t
1170 885 1432 948 Lucanus
1472 885 1719 944 Annaeus
1733 885 1774 921 ¹³
1825 883 2193 963 Plautiusque

344 968 679 1038 Lateranus,
694 966 887 1024 consul
901 963 1247 1103 desiffnatus,
1261 961 1450 1023 vivida
1469 963 1598 1024 odia
1617 963 1878 1024 intulere.
1899 965 2193 1024 Lucanum
2237 969 2242 973 ”

344 1044 588 1125 propriae
618 1062 800 1103 causae
836 1062 1005 1104 accen
1046 1043 1247 1118 ebant,
1282 1042 1434 1123 quod
1474 1044 1688 1104 famam
1716 1042 2038 1104 carminum
2072 1041 2194 1122 ejus

347 1122 695 1203 premebatst
727 1124 874 1183 Nero
891 1169 912 1199 ,
937 1119 1415 1205 prohibueratque
1437 1126 1771 1186 ostentare¹⁸
1787 1168 1807 1199 ,
1839 1142 2015 1184 vanus
2037 1120 2195 1184 adsi-

347 1202 735 1263 mulationess’.
765 1204 1106 1263 Lateranum
1125 1247 1145 1277 ,
1175 1204 1466 1264 consulem
1493 1203 1609 1264 desi
1650 1211 1875 1280 natum,
1904 1203 2063 1262 nulla
2098 1201 2197 1259 in·—

343 1281 518 1364 juria,
554 1281 650 1343 sed
677 1302 839 1344 amor
865 1282 1190 1365 reipublicae
1216 1281 1468 1344 sociavit.
1492 1284 1567 1344 At
1642 1282 1820 1344 lavius
1843 1280 2113 1345 Scevinus
2139 1288 2195 1340 et

346 1362 611 1422 Afranius
652 1361 1026 1434 Quinctianus
1043 1407 1063 1438 ,
1104 1369 1345 1444 uterque
1394 1362 1659 1423 senatorii
1701 1361 1941 1438 ordinis,
2004 1368 2198 1421 contra

349 1442 562 1502 famam
590 1440 678 1500 sui
697 1442 772 1516 ¹⁷,
795 1440 1144 1521 principium
1175 1441 1319 1501 tanti
1350 1441 1615 1502 facinoris
1642 1440 2029 1521 capessivere':
2060 1459 2196 1501 nam

351 1520 588 1581 Scevino
624 1518 895 1579 dissoluta
929 1520 1066 1580 luxu
1093 1537 1255 1578 mens
1279 1564 1300 1593 ,
1344 1526 1402 1579 et
1434 1519 1671 1598 proinde
1692 1519 1815 1579 vita
1842 1539 2041 1579 somno
2065 1519 2199 1578 lan-

350 1598 559 1681 guida3
584 1597 980 1672 QuinctianuS,
1007 1596 1247 1658 mollitia
1269 1598 1517 1678 corporis
1537 1596 1791 1673 infamis,
1813 1605 1893 1674 et,
1916 1617 1950 1657 a
1978 1598 2199 1656 Nerone

351 1678 619 1761 probroso
641 1676 893 1738 carmine
911 1677 1232 1738 diffamatus
1238 1720 1257 1751 ,
1288 1676 1657 1739 contumelias
1684 1677 1874 1738 ultum
1897 1676 2037 1736 ibat.

433 1759 582 1837 Ergo
634 1756 775 1817 dum
827 1758 1034 1817 scelera
1079 1754 1350 1837 principis
1383 1764 1440 1817 et
1483 1757 1656 1818 finem
1695 1755 1886 1817 adesse
1929 1753 2198 1835 imperii,

350 1835 826 1917 deligendumque
862 1836 959 1918 qui
998 1835 1158 1896 sessis
1185 1835 1355 1896 rebus
1383 1838 1812 1911 succurreret¹⁸,
1843 1835 1992 1896 inter
2018 1853 2075 1895 se
2104 1841 2202 1894 aut

352 1914 501 1977 inter
546 1915 759 1977 amicos
811 1915 1053 1996 jaciunt,
1094 1934 1465 1995 aggregavere
1509 1915 1768 1977 Tullium
1808 1914 2201 1988 Senecionem,

354 1994 687 2056 Cervarium
709 1996 1039 2071 Proculum,
1056 1994 1385 2056 Vulcatium
1411 1993 1737 2070 Araricum,
1765 1996 1794 2055 J
1799 1994 1984 2055 ulium
2010 1994 2204 2073 Tugu-

353 2072 573 2148 rinum,
607 2073 930 2152 Munatium
955 2076 1227 2150 Gratum,
1252 2074 1569 2135 Antonium
1602 2075 1861 2136 Natalem
1878 2120 1897 2150 ,
1930 2071 2201 2135 Martium

357 2155 615 2228 Festum,
642 2153 859 2234 equites
897 2173 1163 2215 romanos
1183 2170 1204 2231 3
1228 2174 1294 2214 ex
1316 2154 1539 2235 ,quibus
1572 2153 1827 2231 Senecio,
1859 2175 1890 2216 e
1921 2152 2205 2235 praecipua

353 2231 735 2294 familiaritate
770 2233 1032 2309 Neronis,
1081 2233 1325 2314 speciem
1365 2233 1631 2295 amicitiae
1670 2234 1842 2296 etiam
1886 2241 2010 2294 tum
2058 2232 2204 2294 reti-

354 2332 519 2387 nenS,
542 2333 607 2374 eo
629 2312 884 2394 pluribus
909 2314 1172 2395 periculis
1199 2313 1648 2389 conflictabatur.
1682 2314 1892 2375 Natalis
1925 2312 2205 2394 particeps

358 2390 428 2450 ad
452 2412 622 2453 omne
641 2402 922 2454 secretum
934 2395 977 2431 ¹⁹
1006 2392 1195 2454 Pisoni
1222 2402 1343 2454 erat
1363 2418 1380 2466 3
1404 2393 1599 2454 ceteris
1620 2414 1743 2474 spes
1770 2411 1835 2453 ex
1856 2392 2015 2452 novis
2035 2390 2205 2451 rebus

417 2547 461 2580 10
492 2547 600 2591 Non
617 2551 876 2594 restrictum
890 2552 1139 2609 imperium,
1164 2557 1256 2595 mot

362 2600 392 2644 ὸ.
409 2606 531 2644 mot:
554 2613 577 2638 ‹
594 2615 654 2646 un
668 2608 851 2659 pouvoir
867 2618 947 2660 pas
965 2612 1061 2660 trop
1108 2604 1215 2659 ene,
1231 2620 1253 2645 ιι

363 2664 474 2708 pour
491 2669 513 2694 ι
532 2668 612 2710 pas
629 2663 728 2711 trop
741 2657 922 2713 genunt„
937 2674 959 2697 ι»
982 2658 1044 2704 Ge
1064 2672 1088 2703 c
1121 2671 1256 2713 ange—

360 2713 486 2769 ment
515 2711 572 2752 de
601 2710 740 2754 l’actif
768 2724 825 2754 au
895 2714 1004 2755 assir
1028 2718 1099 2755 est
1132 2724 1255 2754 assez

361 2762 425 2802 fre
456 2767 565 2805 nent
584 2775 642 2806 en
664 2765 791 2807 latin.
814 2763 828 2817 (
872 2777 944 2818 oy.
964 2766 1010 2807 la
1026 2767 1253 2807 nai-ration

364 2773 477 2867 11⁰2,
497 2820 603 2858 note
620 2816 680 2869 4,)

420 2867 462 2899 ¹¹
497 2866 731 2923 Cupidine,
758 2882 780 2906 ι
799 2868 1028 2913 ambitioni.
1050 2884 1072 2909 >

421 2919 465 2952 ¹2
498 2918 627 2966 Quod
662 2923 750 2962 tam
797 2920 924 2963 multi
957 2924 1255 2977 sumpserunt,

368 2985 390 3009 ‹
409 2972 468 3015 οὺ
488 2976 586 3015 taut
611 2974 667 3016 de
698 2985 942 3027 personnes
971 2973 1212 3017 entrerent.
1234 2990 1256 3015 >

366 3026 430 3068 Le
454 3030 548 3067 mot
572 3031 853 3081 sumpserunt
882 3026 1053 3080 repond
1081 3028 1109 3070 ὸ,
1128 3033 1254 3071 notre

364 3079 501 3121 verbe
534 3089 733 3123 assumet·
754 3081 878 3123 daus
909 3086 1028 3124 cette
1063 3082 1253 3145 phrase:

373 3138 616 3225 «hasmet
656 3133 701 3175 la
740 3134 1081 3187 responsabilite
1131 3132 1260 3177 d'une

366 3197 392 3227 c
425 3196 517 3225 ose.
540 3198 564 3223 »
963 3220 973 3228 .

422 3236 466 3268 13
495 3235 706 3280 Lucanus
717 3244 922 3281 Annaeus.
941 3237 1057 3283 C'est
1072 3240 1116 3282 le
1130 3244 1261 3293 poete

368 3288 553 3385 Lucujlna
571 3291 757 3334 l'auteur
773 3292 829 3335 de
849 3291 895 3333 la
914 3291 1148 3347 Pharsqle.

424 3341 482 3405 1¹⁶,
540 3356 684 3386 arnam
717 3347 966 3389 commi-num
993 3344 1251 3401 premebat,

371 3408 393 3431 α
431 3395 664 3449 deprimant
699 3411 748 3441 sa
785 3400 924 3452 gloire
958 3398 1196 3453 poetique,
1234 3414 1256 3439 >

371 3448 594 3492 eherchajt
617 3449 644 3492 a
660 3450 846 3494 etuuffer
871 3463 921 3493 sa
946 3452 1210 3505 reputation.
1237 3466 1259 3492 2

426 3500 471 3563 ¹³}
498 3500 805 3563 Prohibue-rat
834 3507 1077 3555 ostentare,
1101 3518 1123 3543 ι
1142 3506 1175 3546 il
1196 3505 1259 3547 lui

372 3560 491 3596 avait
508 3555 699 3599 defendu
723 3558 778 3600 de
796 3558 906 3599 faite
923 3564 1096 3600 mentre
1113 3558 1169 3599 de
1188 3569 1260 3600 ses

373 3616 486 3658 vers,
505 3621 525 3645 ν
555 3608 695 3652 deles
718 3610 907 3663 publier,
923 3611 980 3652 de
998 3611 1065 3653 les
1081 3609 1255 3653 reciter.

1310 2552 1380 2597 On
1400 2555 1486 2597 sait
1506 2566 1592 2609 que
1613 2552 1782 2597 Lucam
1806 2552 1925 2595 avait
1940 2549 2014 2594 όιό
2031 2546 2201 2612 prefer&

1309 2604 1339 2650 ἡ
1364 2606 1515 2651 Neron
1533 2609 1647 2650 dans
1661 2618 1721 2649 un
1740 2616 1951 2648 coneours
1970 2605 2202 2657 poetique3

1308 2660 1352 2702 le
1373 2661 1524 2713 prinee
1545 2659 1733 2702 histrien
1756 2657 1919 2700 n'avait
1949 2669 2009 2711 pu
2032 2655 2207 2709 digeret

1310 2718 1382 2755 cet
1401 2715 1579 2755 affront.

1366 2764 1411 2797 ¹⁶
1443 2764 1595 2808 Vanus
1614 2761 1955 2808 adsimulatione
1989 2773 2049 2804 m.
2070 2759 2099 2804 ὸ,
2114 2773 2177 2803 m.
2194 2791 2206 2804 .

1313 2818 1562 2879 5vaniteux
1595 2818 1706 2860 dans
1737 2820 1781 2860 le
1813 2792 2025 2870 parallele
2044 2829 2067 2854 >
2097 2814 2205 2870 qu'il

1311 2871 1558 2913 etablissuit
1578 2876 1704 2913 entre
1731 2882 1803 2913 ses
1833 2880 2014 2923 propt-es
2043 2879 2141 2911 vers
2160 2872 2208 2909 et

1312 2935 1422 2966 ceux
1439 2923 1498 2965 du
1515 2927 1667 2976 ρσὲιθς
1713 2937 1735 2963 ‹
1757 2934 1880 2966 assez
1899 2922 1999 2965 raia
2019 2934 2129 2976 pour
2146 2932 2206 2963 en

1313 2973 1407 3018 &tre
1420 2977 1586 3030 jalon.
1605 2990 1628 3015 ι

1368 3027 1412 3063 ¹¹¹
1444 3028 1614 3073 Contra
1624 3029 1799 3088 samam
1814 3030 1899 3079 sui,
1917 3026 2210 3071 «dementant

1314 3092 1372 3124 en
1396 3082 1488 3124 cela
1506 3083 1604 3125 leur
1618 3084 1883 3145 reputation,
1903 3099 1925 3123 ιι
1955 3082 2203 3126 contraire-

1313 3139 1438 3176 ment
1461 3135 1489 3178 ἡ
1515 3148 1567 3179 ce
1594 3149 1681 3191 que
1709 3139 1805 3180 leur
1830 3136 2084 3191 reputation
2101 3143 2212 3187 pou-

1315 3188 1405 3231 vait
1420 3189 1531 3231 faire
1554 3192 1773 3233 attendre.
1805 3201 1812 3208 ·
2067 3191 2070 3192 ’

1370 3238 1415 3272 18
1445 3239 1736 3297 Deli-qaudam
1819 3241 1866 3284 ui
1901 3238 2040 3295 fea-sis
2074 3235 2205 3282 rehu:

1314 3300 1608 3345 succurreret,
1629 3310 1650 3333 ι
1668 3295 1768 3350 qu'il
1807 3296 1929 3338 allait
1958 3291 2121 3336 choisir
2148 3301 2209 3331 un

1315 3346 1491 3440 {xpmme
1523 3347 1845 3402 qui‘remediat
1878 3359 1959 3389 aux
1995 3353 2124 3387 maux
2154 3342 2210 3383 de

1332 3399 1343 3415 ’
1366 3399 1451 3441 ttat
1483 3414 1502 3436 ⁸

1340 3483 1343 3485 v
1376 3450 1418 3484 ¹⁹
1445 3450 1680 3506 Pam-ticeps
1714 3449 1775 3492 acl
1811 3459 1944 3509 emm⁸
1968 3445 2199 3494 secretum,

1319 3515 1341 3538 c
1360 3504 1588 3547 confident
1603 3506 1775 3553 intime,
1796 3518 1818 3540 ι
1847 3513 1904 3541 m·
1930 3511 1957 3540 a
1978 3510 2035 3539 m·
2060 3508 2071 3538 :
2103 3507 2207 3539 001²·

1314 3557 1455 3598 fldent
1479 3556 1653 3611 jusqu'a
1682 3556 1778 3597 eti-e
1806 3550 1934 3594 initi&
1962 3549 1990 3593 ὰ
2015 3553 2117 3591 tous
2142 3547 2209 3593 lea

1315 3614 1481 3651 secrets
1499 3610 1555 3651 de
1575 3608 1726 3650 Pison.
1748 3619 1769 3642 ›
