2525 3984
271 120 387 181 300
913 116 1462 178 NARRATIONES.

271 249 447 312 animi
478 247 675 310 fuisset
702 247 773 313 ad
793 247 1054 328 praelium
1083 256 1364 330 quantum
1394 249 1465 311 ad
1503 249 1874 330 parricidium
1903 253 2116 317 fuerat.

272 332 533 411 Namque
568 335 625 390 et
650 348 890 389 numero
919 327 1143 389 barbari
1173 328 1516 409 praestabant
1537 338 1593 390 et
1614 330 1816 391 robore
1832 348 1853 408 3
1883 331 1954 394 ad
1977 340 2121 412 hoc,

272 410 464 471 refecti
510 428 643 469 cum
681 406 926 488 fatigatis
974 416 1257 470 certamen
1302 407 1500 469 inituri
1542 417 1724 473 erant.
1755 411 1866 471 Sed
1907 433 2115 474 nomeu

272 486 572 550 Alexandri
586 494 643 548 et
665 488 841 563 fama,
861 486 1179 548 maximum
1201 486 1262 547 in
1284 486 1430 549 bello
1452 487 1648 569 utique
1670 499 2032 552 momentum
2046 495 2115 568 ¹³,

272 567 504 649 pavidos
535 566 596 627 in
623 567 822 656 fugam
850 567 1144 630 convertit.
1178 568 1382 629 Bessus
1414 576 1471 628 et
1501 567 1671 629 ceteri
1706 568 1971 631 facinoris
1996 571 2122 652 ejus

274 646 573 728 participes
594 647 923 708 vehiculum
950 644 1106 708 Darii
1132 646 1398 723 assecuti,
1423 655 1717 729 coepcrunt
1743 648 1958 710 hortari
1985 670 2115 711 eam

273 735 338 787 ut
358 725 758 789 conscenderet
777 746 1016 808 equum,
1051 733 1192 787 etse
1214 724 1364 787 hosti
1393 727 1455 786 su
1495 747 1530 789 a
1558 726 1822 807 eriperet.
1854 730 1954 790 Ille
1989 728 2119 790 deos

275 805 695 868 ultoresadesse
726 813 982 882 testatur,
1003 812 1060 865 et
1077 804 1379 868 Alexandri
1398 805 1440 866 fi
1478 826 1573 867 em
1592 805 1928 887 implorans,
1950 819 2117 888 negat

273 907 330 948 se
362 885 671 966 parricidas
690 885 831 945 velle
852 883 1136 946 comitari.
1168 886 1321 946 Tum
1345 906 1479 947 vero
1508 884 1595 947 ira
1620 906 1848 968 quoque
1875 887 2120 961 accensi,

275 968 385 1028 tela
421 965 687 1046 injiciunt
720 962 783 1023 in
818 984 1052 1046 regem,
1087 964 1398 1046 multisque
1434 965 1758 1026 confossum
1791 965 2119 1027 vulneribus

273 1045 626 1127 relinquunt.
664 1044 934 1104 lumenta
964 1064 1190 1125 quoque
1202 1089 1223 1121 ,
1253 1065 1326 1105 ne
1355 1043 1580 1126 longius
1606 1044 1872 1127 prosequi
1899 1055 2125 1185 zossent

274 1124 774 1199 convulnerentur,
815 1121 1036 1183 duobus
1092 1122 1266 1184 servis
1313 1123 1412 1204 qui
1460 1144 1654 1204 regem
1705 1122 1915 1185 comita
1953 1132 2126 1187 antur

276 1203 496 1264 occisis.
529 1205 651 1264 Hoc
690 1201 840 1263 edito
869 1201 1142 1277 facinore,
1158 1209 1234 1277 ,ut
1260 1201 1497 1283 vestigia
1529 1204 1678 1285 fugae
1711 1205 2126 1285 spargerent¹⁸,

277 1284 627 1343 Nabarzanes
682 1279 1054 1361 Hyrcaniam,
1096 1283 1302 1343 Bessus
1344 1283 1571 1358 Bactra,
1624 1283 1819 1363 paucis
1864 1282 2124 1373 equitum

277 1361 679 1423 comitantibus
694 1404 716 1436 ,
758 1360 1023 1441 petebant
1055 1377 1071 1421 ε
1104 1359 1372 1437 barbari,
1400 1359 1640 1423 ducibus
1681 1359 1933 1425 destituti
1949 1406 1975 1438 ,
2013 1382 2127 1452 qua

274 1461 560 1523 quemque
574 1446 672 1501 aut
692 1460 818 1521 spes
836 1439 1103 1516 ducebat,
1122 1447 1222 1503 aut
1241 1460 1441 1521 pavor,
1462 1439 1919 1522 dissipabantur3
1949 1462 2130 1523 qum-

278 1519 431 1602 genti
472 1527 697 1582 tantum
743 1519 961 1610 equites
1005 1527 1510 1602 congregraverant
1544 1539 1646 1597 se,
1685 1519 1885 1583 incerti
1940 1520 2130 1582 adhuc

276 1600 538 1661 resistere
578 1619 652 1662 ne
687 1600 893 1661 melius
915 1607 1084 1675 esset,
1119 1619 1194 1661 an
1227 1600 1444 1682 fugere.
1487 1600 1829 1677 Alexander,
1873 1599 2127 1661 hostium

281 1677 653 1761 trepidatione
686 1688 1001 1761 comperta,
1031 1678 1373 1741 Nicanorem
1413 1699 1548 1740 cum
1581 1677 1842 1762 equitum
1872 1686 2032 1760 parte
2056 1679 2130 1740 ad

281 1758 653 1820 inhibendam
691 1758 890 1840 sugam
922 1757 1255 1839 praemittit3
1299 1758 1419 1839 ipse
1446 1778 1582 1820 cum
1615 1758 1816 1822 ceteris
1848 1758 2125 1839 sequitur.

280 1839 416 1899 Tria
426 1840 604 1900 ferme
620 1837 802 1900 millia
809 1836 1194 1900 resistentium
1209 1837 1392 1900 occisa
1405 1845 1571 1917 sunt3
1587 1836 1877 1921 reliquum
1899 1857 2126 1917 agmen,

281 1938 440 1980 more
451 1916 761 2000 pecudum,
779 1915 1060 1979 intactum
1080 1916 1377 1999 agebatur,
1393 1917 1630 1998 jubente
1648 1937 1781 1999 rege
1805 1924 1870 1978 ut
1884 1915 2132 1979 eaedibus

282 1997 681 2059 abstineretur.
721 1996 901 2059 Nemo
934 1996 1292 2080 captivorum
1322 2004 1442 2061 erat
1478 1995 1579 2078 qui
1612 2004 1935 2059 monstrare
1975 1995 2131 2057 Darii

284 2076 610 2138 vehiculum
639 2085 866 2159 posset:
898 2075 1132 2158 sing-uli,
1154 2085 1222 2137 ut
1242 2097 1483 2158 quaeque
1510 2075 1951 2157 prehenderant,
1976 2095 2134 2135 scru-

281 2156 604 2217 tabantur¹⁸
620 2171 642 2232 3
675 2176 782 2217 nec
817 2164 1007 2217 tamen
1035 2157 1222 2217 ullum
1249 2155 1554 2236 vestigium
1579 2155 1730 2237 fugai
1766 2154 1913 2234 regis
1942 2162 2135 2215 exsta-

283 2234 400 2295 bat.
429 2233 815 2295 Festinantem
835 2233 1220 2297 Alexandrum
1242 2233 1339 2295 vix
1364 2234 1476 2296 tria
1499 2233 1682 2296 millia
1705 2234 1961 2317 equitum
2030 2252 2135 2293 er·-

282 2321 475 2375 secuta
501 2320 633 2374 sunt
663 2330 680 2373 ε
710 2320 769 2374 at
791 2312 853 2373 in
870 2333 989 2390 eoS,
1011 2312 1108 2396 qui
1127 2313 1335 2376 lentius
1363 2313 1764 2395 sequebantur,
1802 2311 1989 2373 incide
2031 2321 2134 2373 ant

286 2392 551 2456 universa
587 2391 931 2474 fugientium
968 2393 1218 2474 agmina.
1259 2393 1368 2454 Vix
1396 2393 1665 2455 credibile
1703 2391 1895 2454 dictu!
1941 2391 2133 2471 plures

286 2472 493 2556 captivi
534 2493 710 2556 quam
737 2472 836 2555 qui
865 2482 1163 2554 caperent,
1198 2480 1360 2535 erant
1374 2488 1396 2550 3
1444 2472 1583 2535 adeo
1623 2491 1855 2535 omnem
1903 2491 2131 2560 sensum

289 2552 496 2615 territis
527 2553 756 2615 fortuna
825 2551 1011 2615 enitus
1045 2560 1398 2629 excusserat,
1427 2561 1492 2613 ut
1518 2571 1623 2612 nec
1651 2550 1906 2613 hostium
1932 2569 2134 2630 pauci-

289 2641 486 2709 tatem,
528 2654 633 2695 nec
677 2652 780 2694 mu
806 2632 1107 2695 titudinem
1146 2652 1312 2695 suam
1356 2629 1491 2692 satis
1528 2638 1843 2692 cernerent.
1898 2628 2132 2690 Interim

281 2713 544 2793 jumenta
564 2732 693 2803 qua)
717 2713 956 2774 Darium
976 2712 1254 2774 vehebant
1269 2757 1292 2789 ,
1320 2711 1479 2772 nullo
1500 2720 1753 2791 regente,
1780 2709 2136 2770 decesserant

288 2790 522 2854 militari
545 2807 673 2870 v1a3
696 2799 753 2854 et
778 2811 968 2853 errore
988 2791 1172 2855 delata
1194 2812 1295 2872 per
1313 2797 1559 2873 quatuor
1584 2789 1786 2865 stadia,
1807 2787 1869 2849 in
1890 2786 2134 2869 quadam

289 2872 432 2933 valle
458 2870 857 2946 constiterant,
887 2879 1055 2947 mstu,
1083 2870 1370 2953 simulque
1395 2868 1726 2931 vulneribus
1757 2866 2010 2949 fatigata.

369 2947 536 3012 Haud
557 2950 755 3030 procul
775 2955 896 3010 erat
919 2949 1047 3011 fons
1062 2993 1084 3025 ,
1104 2949 1175 3011 ad
1197 2970 1371 3032 quem
1388 2958 1769 3012 monstratum
1794 2967 1830 3008 a
1852 2945 2137 3028 peritis¹⁸,

296 3029 635 3109 Polystratus
668 3026 897 3088 Macedo
932 3026 1023 3089 siti
1056 3036 1373 3091 maceratus
1407 3026 1638 3090 accessit
1666 3045 1683 3088 ε
1714 3047 1780 3088 ac
1810 3024 1955 3086 dum
1983 3024 2140 3106 galea

289 3109 552 3173 haustam
579 3126 788 3203 aquam
822 3105 1032 3184 sorbet,
1060 3107 1172 3169 tela
1191 3109 1585 3189 jumentorum
1613 3105 1978 3168 deficientum
2006 3124 2140 3165 cor-

292 3186 523 3273 poribus
552 3184 726 3248 inhxa
743 3185 1052 3268 conspexit,
1084 3185 1436 3270 miratusque
1465 3187 1721 3249 confossa
1742 3183 1932 3268 potius
1964 3203 2137 3264 quam

346 3327 393 3364 ¹⁸
405 3328 694 3378 lamentum,
706 3329 1186 3384 monimentumsspoids
1237 3328 1354 3373 suite
1371 3332 1419 3371 et
1436 3326 1643 3371 det-outer
1658 3324 1774 3369 alnei
1787 3321 2053 3368 Alexandre.

293 3384 405 3428 dans
421 3383 467 3425 la
482 3384 683 3425 balance.
701 3397 725 3421 ›
1295 3380 1340 3414 ss
1366 3381 1409 3424 U
1408 3384 1424 3422 t
1439 3392 1612 3434 qumque
1621 3376 1942 3434 prebenda-an
1950 3377 1982 3423 t,
2000 3373 2135 3436 {cha-

347 3434 393 3467 ἢ
427 3433 487 3478 Ut
528 3432 719 3491 vesttqia
748 3432 874 3492 fuya
910 3436 1184 3491 memorent,
1238 3442 1323 3476 cun
1341 3434 1509 3476 visitati:
1524 3433 1568 3475 le
1583 3433 1690 3475 char
1706 3430 1809 3484 qu'il
1829 3429 1947 3471 avait
1960 3438 2067 3481 pris.
2084 3438 2111 3465 >

293 3498 353 3530 m.
372 3484 400 3528 λ
416 3498 491 3537 m..
512 3498 533 3523 ¹
552 3500 662 3539 pour
682 3487 945 3530 disseminer
965 3488 1031 3529 les
1044 3494 1185 3530 traces
1293 3484 1338 3517 ¹⁶
1365 3485 1406 3527 A
1438 3485 1618 3540 peritis,
1633 3498 1656 3522 ‹
1670 3485 1750 3526 des
1768 3494 1878 3535 gens
1891 3482 1951 3544 du
1972 3489 2128 3533 pays,-

296 3538 353 3582 de
370 3539 467 3585 leur
483 3542 608 3593 suite,
624 3553 648 3579 ι
684 3552 797 3594 pour
819 3541 982 3586 divise:-
996 3540 1042 3582 la
1057 3550 1186 3592 pour-
1238 3541 1375 3590 ayant
1388 3538 1433 3581 la
1449 3538 1769 3582 connaissance
1785 3535 1869 3578 des
1883 3534 2016 3576 henx-
