2525 3984
980 221 1484 279 NARRATIONES.
2135 222 2212 278 47

387 344 594 408 sororis
622 350 846 424 petere3
880 359 1457 426 nuncupaturumque
1480 366 1539 405 se
1560 364 1687 405 eam
1708 345 2000 424 reginam3
2034 366 2105 406 ne
2144 365 2217 408 ue

388 425 450 485 in
475 421 877 484 contumeliam
908 423 1030 504 ejus
1064 443 1124 485 se
1149 422 1322 485 aliam
1352 443 1613 501 uxorem,
1642 423 1847 486 aliosve
1869 444 2043 505 quam
2073 425 2114 485 fi
2157 445 2219 487 os

381 511 533 586 ejus,
559 501 764 563 liberos
793 501 1148 564 habiturum.
1171 523 1204 562 a

468 581 724 659 Arsinoe,
761 591 1061 663 postquam
1096 589 1155 644 et
1191 601 1289 665 spe
1329 582 1564 664 impleta
1604 592 1687 643 est
1721 590 1780 659 et
1815 589 1972 643 metu
2010 583 2216 660 soluta,

388 661 509 743 ipsa
537 680 672 722 cum
716 660 889 722 fratre
928 660 1269 743 colloquitur
1302 678 1321 724 τ
1365 662 1529 744 cujus
1559 662 1748 723 vultus
1785 669 1842 723 et
1873 659 2221 723 blandientes

389 739 535 802 oculi
571 760 753 821 quum
789 740 961 805 fidem
994 760 1110 802 non
1146 739 1430 802 minorem
1543 761 1637 803 am
1667 739 2068 820 jusjurandum
2092 761 2222 822 pro·

388 818 700 896 mitterent,
719 821 1060 883 reclamante
1076 819 1412 902 Lysimacho
1425 763 1566 898 fiffil),
1594 819 1900 881 «fraudem
1923 819 2168 895 subesse,
2180 841 2212 879 n

388 919 450 960 m
475 897 906 961 matrimonium
932 897 1121 961 fratris
1153 899 1429 962 concedit.
1471 897 1696 981 Nuptiae
1721 917 1928 979 magno
1951 906 2220 979 apparatu

391 975 691 1059 laetitiaque
754 977 1013 1040 »mnium
1055 978 1430 1041 celebrantur.
1480 978 1567 1040 Ad
1622 976 1952 1039 concionem
1996 996 2222 1058 quoque

391 1064 583 1118 vocato
612 1057 883 1134 exercitu,
909 1077 973 1119 ca
1013 1056 1078 1118 iti
1107 1057 1311 1120 sororis
1342 1057 1601 1120 diadema
1630 1056 1895 1138 imponit,
1928 1055 2224 1136 reginam-

390 1156 503 1217 que
524 1156 652 1198 eam
678 1138 941 1275 appellat.
1017 1157 1092 1198 uo
1117 1136 1350 1199 nomine
1382 1137 1442 1198 in
1466 1136 1720 1198 laetitiam
1748 1137 1925 1197 effusa
1956 1135 2217 1212 Arsinoe,

391 1215 546 1296 quia,
565 1236 676 1297 quo
736 1224 919 1277 morte
936 1215 1255 1297 Lysimachi
1277 1215 1480 1297 prioris
1497 1216 1684 1278 mariti
1709 1214 1974 1277 amiserat
1987 1218 2053 1290 ¹¹,
2074 1234 2226 1276 rece-

390 1293 584 1374 pisset,
611 1296 762 1356 ultro
786 1294 973 1356 virum
991 1299 1035 1333 ¹⁸
1061 1295 1122 1356 in
1149 1296 1355 1357 urbem
1383 1316 1546 1358 suam
1572 1294 1976 1358 Cassandream
1999 1292 2222 1370 invitat,

392 1373 554 1453 cujus
589 1374 749 1435 urbis
789 1374 1096 1454 cupiditate
1132 1375 1287 1437 fraus
1325 1375 1667 1437 struebatur.
1702 1376 2016 1465 Praegressa
2050 1372 2227 1454 igitur

393 1451 602 1530 virum,
625 1452 778 1515 diem
797 1455 1005 1517 festum
1025 1453 1157 1515 urbi
1181 1453 1243 1514 in
1268 1453 1574 1517 adventum
1597 1454 1719 1534 ejus
1741 1451 1940 1514 indicit
1958 1468 1978 1529 3
1999 1451 2222 1528 domos,

392 1533 604 1612 templa
628 1540 923 1621 ceteraque
958 1532 1154 1593 omnia
1187 1534 1445 1594 exornari
1477 1532 1662 1612 jubet,
1702 1552 1825 1593 aras
1859 1529 2072 1612 ubique
2100 1533 2227 1592 hos-

390 1609 606 1692 tiasque
640 1610 862 1689 disponi
888 1626 904 1670 t
939 1610 1084 1672 filios
1103 1630 1326 1690 quoque
1344 1630 1498 1684 suos,
1520 1609 1923 1690 Lysimachum
1948 1608 2227 1669 sexdecim

390 1708 568 1749 annos
616 1695 843 1763 natum,
893 1685 1227 1767 Philippum
1264 1686 1511 1749 triennio
1556 1687 1863 1762 minorem,
1920 1694 2116 1746 utrum
2197 1708 2229 1747 e

392 1768 581 1827 forma
600 1764 903 1846 insignem,
936 1774 1229 1828 coronatos
1245 1766 1291 1803 ¹*
1322 1786 1615 1828 occurrere
1640 1765 1825 1845 jubet.
1860 1765 2014 1838 Quos
2048 1766 2151 1825 Pto
2172 1785 2229 1826 e—

391 1865 597 1922 moeus,
634 1845 706 1905 ad
743 1845 1035 1907 celandam
1080 1845 1364 1922 fraudem,
1399 1844 1602 1925 cupide
1638 1855 1696 1906 et
1733 1846 1883 1905 ultra
1924 1842 2164 1904 modum
2184 1846 2228 1880 ¹⁸

392 1944 540 1986 verae
572 1924 883 1986 affectionis
914 1926 1244 2006 amplexus,
1295 1930 1500 1988 osculis
1546 1924 1644 1986 diu
1677 1922 1873 2004 fatigat
1901 1923 1967 1982 ²⁸.
2018 1921 2123 1984 Ubi
2156 1922 2229 1984 ad

394 2012 615 2084 portam
639 2012 875 2065 ventum
899 2013 1005 2081 est,
1030 2005 1293 2085 occupari
1316 2023 1506 2066 arcem
1524 2004 1707 2085 jubet,
1734 2022 1938 2084 pueros
1960 2001 2225 2063 interfici.

395 2082 507 2155 Qui
539 2104 721 2165 quum
752 2083 826 2144 ad
862 2091 1107 2145 matrem
1142 2083 1545 2165 confugissent,
1587 2083 1647 2146 in
1675 2081 1890 2164 gremio
1929 2080 2051 2142 e’us
2082 2080 2230 2143 inter

394 2161 518 2242 ipsa
536 2163 726 2235 oscula
746 2162 1123 2239 trucidantur,
1144 2164 1525 2244 proclamante
1546 2161 1804 2237 Arsinoe,
1831 2182 1910 2242 qu
2006 2168 2229 2222 tantum

398 2242 554 2302 nefas
582 2251 681 2303 aut
711 2241 976 2303 nubendo
1002 2249 1101 2304 aut
1171 2250 1257 2303 ost
1285 2263 1366 2303 nu
1407 2241 1511 2304 tias
1547 2242 1930 2303 contraxisset.
1962 2242 2074 2301 Pro
2097 2239 2229 2301 filiis

397 2339 542 2401 saepe
564 2342 621 2382 se
641 2320 1061 2402 percussoribus
1081 2263 1324 2383 otilulit:
1408 2329 1675 2403 equenter
1705 2339 1937 2401 corpore
1963 2339 2064 2381 suo
2091 2338 2231 2400 pue-

398 2418 596 2461 rorum
623 2420 859 2481 corpora
891 2402 1205 2481 amplexata
1236 2400 1513 2481 protexit3
1553 2401 1897 2480 vulneraque
1940 2398 2193 2478 excipere
2206 2441 2228 2472 ,

398 2497 526 2558 quae
563 2479 755 2540 liberis
792 2478 1249 2555 intendebantur,
1295 2478 1492 2541 voluit.
1541 2478 1633 2540 Ad
1669 2486 2022 2558 postremum
2057 2476 2231 2536 etiam

399 2556 633 2636 spoliata
676 2558 970 2619 funeribus
989 2560 1032 2597 ¹⁷
1083 2557 1367 2633 filiorum,
1424 2556 1593 2619 scissa
1639 2565 1823 2631 veste,
1872 2562 1930 2616 et
1981 2553 2232 2614 crinibus

400 2635 605 2715 sparsis
623 2639 692 2714 ¹⁸,
728 2657 862 2699 cum
897 2637 1118 2699 duobus
1153 2635 1387 2698 servulis
1417 2656 1485 2699 ex
1521 2635 1663 2696 urbe
1697 2641 2001 2715 protracta,
2040 2633 2235 2694 Samo-

459 2839 500 2872 ¹²
534 2838 663 2887 Quod
696 2841 932 2894 amiserat,
979 2852 1003 2879 ε
1037 2852 1088 2883 ce
1132 2840 1290 2894 qu'elle
1345 2849 1443 2882 vers
1462 2839 1518 2880 de
1536 2837 1725 2881 Moliere
1761 2852 1772 2883 ς
1801 2863 1857 2873 -
1882 2839 1936 2878 De
1974 2837 2235 2890 protestationis

404 2892 521 2935 avait
584 2894 693 2936 erdu
752 2910 775 2933 »
819 2893 973 2937 cea-d.
1018 2893 1063 2936 le
1096 2894 1199 2936 titre
1234 2892 1291 2935 de
1345 2891 1498 2930 d’oss'res
1527 2891 1635 2930 etde
1677 2896 1857 2931 sei-ments
1879 2911 1931 2924 -
1953 2892 2057 2930 Vous
2079 2891 2235 2940 charges

404 2923 870 3040 oeffievssf‘umhnm
889 2947 945 2988 de
961 2947 1007 3010 la
1021 2943 1219 2998 royaute.
1346 2944 1600 3041 Ιιιαὶιιιετῧὲἀο
1619 2945 2032 3051 Ἐιὲωιὴτὲυοίιιῗηιε.
2046 2943 2125 2999 (Le
2143 2942 2239 2987 Μῦ-

654 3011 697 3039 m
732 3012 754 3035 ε
773 3012 853 3042 son
872 3011 996 3041 man.
1013 3013 1037 3037 ι
1832 3011 1869 3042 c.
1923 3029 1933 3041 .

459 3047 505 3082 1⁵
534 3030 778 3094 Corona'tos
797 3083 809 3105 ,
869 3063 890 3087 ‹
936 3049 1181 3094 couronnes
1235 3051 1292 3094 de
1402 3050 1445 3085 ¹⁷
1472 3009 1682 3106 Spffiizta
1699 3029 1840 3092 etium
1848 3049 2094 3107 funeribus
2110 3048 2236 3103 filio-

406 3104 592 3156 Μαι-8,»
619 3116 676 3146 en
703 3106 829 3158 signe
857 3105 982 3147 d’alle
1062 3116 1154 3156 sse3
1188 3115 1295 3146 sans
1348 3115 1461 3156 rum,
1492 3115 1515 3140 «t
1544 3103 1790 3158 depouillee
1820 3103 1964 3147 meme
1998 3105 2079 3146 des
2109 3102 2240 3146 cada-

409 3155 541 3199 doute
567 3159 683 3199 aussi
734 3170 833 3201 arce
860 3171 944 3212 que
1027 3155 1195 3200 olemee
1213 3154 1297 3199 ε’ό-
1346 3167 1446 3200 vres
1479 3155 1535 3199 de
1570 3168 1642 3199 ses
1668 3159 1858 3208 enfants,
1879 3173 1902 3196 »
1931 3169 1989 3199 ou
2020 3157 2100 3199 de·
2129 3154 2242 3197 hon-

410 3210 491 3252 tait
505 3209 675 3264 engage'
694 3170 805 3254 ἕως
826 3210 1294 3254 reconnaitrecomme
1348 3221 1481 3252 neurs
1494 3209 1703 3251 funebres
1718 3208 1746 3251 ὸ,
1761 3210 1857 3250 leur
1872 3212 2055 3260 rendre3
2073 3206 2238 3261 privee,

408 3263 511 3306 tois.
1347 3263 1770 3315 independamment
1804 3262 1859 3303 de
1890 3267 2035 3304 tontes
2066 3272 2139 3302 ses
2164 3272 2240 3303 au-

462 3314 508 3349 ¹⁸
539 3315 674 3361 Ultro
695 3315 867 3357 modum
884 3329 992 3361 vero
1007 3329 1035 3358 α
1052 3314 1293 3374 fectionis,
1348 3318 1440 3358 tres
1463 3320 1626 3368 pez-tes,
1654 3315 1710 3356 de
1733 3314 1781 3356 la
1805 3315 1932 3357 triste
1963 3314 2241 3355 consolation

409 3367 663 3413 mot-a-mot
699 3381 710 3412 ε
757 3369 934 3412 au-dela
960 3371 1017 3411 de
1060 3382 1088 3411 a
1124 3380 1298 3411 mesura
1352 3367 1614 3410 d‘ensevelir
1628 3378 1701 3408 ses
1717 3367 1803 3409 fils.

412 3420 541 3465 d'une
587 3421 800 3466 vex-itable
836 3424 1039 3464 affection
1065 3434 1078 3473 ς
1141 3421 1298 3463 c.-ae-d.
1409 3418 1454 3453 ¹8
1484 3417 1696 3463 Crinibus
1716 3418 1896 3473 sparsis,
1928 3414 2205 3478 techevelee.
2220 3430 2242 3454 ο

414 3484 438 3509 <
467 3486 574 3519 avec
605 3477 685 3518 des
731 3476 1100 3517 demonstratione
1146 3470 1305 3526 exage-
1356 3471 1539 3527 sparsis
1564 3477 1633 3513 est
1656 3472 1754 3523 plus
1775 3472 1894 3522 juste
1918 3469 1985 3527 ici·
2002 3479 2085 3518 que
2109 3477 2169 3506 ne
2198 3465 2244 3505 le

414 3523 511 3569 πόθε
539 3529 597 3570 de
629 3529 776 3571 fausse
809 3529 1053 3569 tendresse.
1071 3541 1093 3565 ›
1361 3526 1499 3569 serait
1521 3523 1701 3578 passim
1737 3520 1889 3577 apua-si
1920 3527 2063 3560 crines
2096 3525 2146 3555 se
2179 3513 2247 3555 dit

468 3578 514 3613 10
544 3579 718 3623 Osculis
733 3578 929 3637 fatiqat.
949 3577 1077 3627 Gette
1093 3578 1212 3621 belle
1230 3589 1308 3620 ex-
1360 3579 1440 3619 des
1472 3576 1666 3618 cheveux
1706 3585 1763 3614 en
1808 3569 2014 3611 desordre
2032 3595 2043 3615 ,
2087 3564 2245 3614 epm-s..

417 3635 619 3682 passion
665 3633 835 3675 semble
876 3633 996 3676 avoir
1032 3629 1199 3684 inspiro
1232 3641 1309 3673 ces
1360 3638 1529 3672 comme
1548 3627 1659 3668 dans
1673 3625 1721 3666 la
1734 3624 1896 3668 fureur,
1910 3619 2023 3658 dans
2038 3617 2080 3655 le
2092 3613 2243 3659 demea
