2525 3984
1022 149 1574 240 NARRATmNEs.
2101 180 2213 239 195

377 317 567 393 ipsum
614 330 845 372 currum
893 308 1039 391 regis
1079 309 1286 388 objecit
1303 324 1323 386 3
1383 306 1557 370 armis
1610 314 1667 367 et
1717 308 1918 369 robore
1968 309 2216 389 eorporis

375 393 623 452 multum
658 410 828 469 super
848 396 1060 450 ceteros
1087 388 1368 463 eminens,
1394 386 1584 449 animo
1608 406 1740 447 vero
1775 395 1831 447 et
1857 387 2063 467 pietate
2078 388 2123 424 ²⁶
2155 389 2215 448 in

377 468 730 560 paucissimis
745 469 789 505 ²¹¹
836 468 931 528 illo
977 467 1173 558 utique
1209 466 1414 557 praelio
1462 466 1684 541 clarus,
1720 465 1858 527 alios
1903 465 2218 546 improvide

375 556 647 610 instantes
673 546 1011 629 prostravit,
1040 549 1177 608 ahos
1207 567 1270 606 m
1296 547 1490 627 sugam
1510 544 1731 606 avertit.
1761 547 1836 605 At
1864 544 2216 622 Macedones,

374 636 440 687 ut
480 626 633 689 eirca
665 648 859 707 regem
911 634 1071 688 erant
1086 670 1107 701 ,
1155 633 1360 687 mutua
1389 624 1775 686 adhortatione
1820 623 2053 699 firmati,
2082 644 2215 685 cum

377 718 494 787 ipso
548 705 609 766 in
686 706 921 786 quitum
970 726 1175 795 agmen
1221 704 1574 785 irrumpunt.
1632 706 1782 763 Tum
1831 724 1958 765 vero
2012 703 2214 765 similis

367 785 556 849 ruinas
577 793 786 864 strages
804 793 945 846 erat.
970 785 1135 846 Circa
1160 804 1396 858 currum
1423 781 1576 844 Darii
1599 782 1861 865 jacebant
1880 782 2215 844 nobilissimi

375 865 572 939 duceS,
600 873 729 925 ante
756 865 945 925 oeulos
978 862 1125 944 regis
1157 862 1382 944 egregia
1412 869 1594 923 morte
1620 860 1869 923 defuncti
1888 906 1908 938 ,
1933 882 2128 924 omnes
2156 862 2216 922 in

377 963 477 1003 ora
497 941 694 1023 proni,
717 943 861 1004 sicut
888 941 1220 1004 dimicantes
1246 941 1698 1023 procubuerant,
1723 941 1955 1002 adverso
1986 961 2218 1022 corpore

371 1021 703 1083 vulneribus
731 1021 993 1102 acceptis.
1026 1024 1180 1083 lnter
1204 1023 1309 1082 hos
1334 1019 1555 1102 Atizyes
1567 1021 1640 1096 ²⁸,
1661 1029 1717 1081 et
1744 1019 2141 1081 Rheomithres
2160 1030 2217 1081 et

376 1100 614 1162 Sabaces
639 1109 847 1181 praetor
862 1103 909 1138 ²⁹
929 1100 1182 1182 AEgypti,
1208 1120 1548 1181 magnorum
1580 1099 1931 1161 exercituum
1969 1100 2212 1180 praefecti

374 1179 796 1241 noscitabantur
810 1196 830 1258 3
862 1179 1012 1241 circa
1040 1200 1134 1240 eos
1161 1180 1452 1250 cumulata
1485 1187 1605 1240 erat
1634 1178 1890 1260 peditum
1917 1179 2216 1261 equitum-

373 1278 481 1349 que
503 1258 796 1321 obscurior
818 1259 1004 1320 turba.
1035 1258 1408 1320 Macedonum
1435 1278 1658 1340 quoque
1673 1279 1791 1320 vnon
1811 1257 2044 1339 quidem
2067 1261 2216 1319 mul-

376 1347 417 1398 ti
437 1383 456 1414 ,
488 1337 583 1400 sed
605 1338 1014 1419 promptissimi
1051 1346 1270 1414 tamen,
1304 1336 1430 1398 caesi
1464 1346 1628 1415 sunt3
1652 1337 1799 1398 inter
1818 1358 1958 1417 quos
1978 1339 2217 1400 Alexan-

374 1416 460 1477 dri
490 1417 751 1480 dextrum
778 1419 967 1479 femur
993 1416 1188 1478 leviter
1214 1436 1490 1478 mucrone
1517 1416 1878 1497 perstrictum
1911 1427 2015 1478 est.

453 1499 692 1578 Jamque
733 1497 830 1578 qui
872 1496 1109 1558 Darium
1134 1495 1411 1558 vehebant
1452 1495 1621 1578 equi,
1659 1495 1898 1556 confossi
1941 1496 2116 1557 hastis
2160 1505 2216 1557 et

373 1575 565 1638 dolore
605 1576 856 1653 efferati,
895 1576 958 1656 ju
1145 1584 1375 1656 quatere
1392 1620 1413 1651 ,
1441 1583 1499 1636 et
1537 1595 1730 1656 regem
1757 1596 1929 1635 curru
1958 1583 2214 1636 excutere

375 1664 660 1735 coeperant
677 1700 698 1731 ,
727 1676 906 1736 quum
936 1655 975 1716 il
998 1676 1029 1716 e
1049 1701 1071 1732 ,
1099 1654 1311 1715 veritus
1350 1674 1423 1715 ne
1450 1653 1608 1715 vivus
1634 1653 1849 1715 veniret
1875 1653 1936 1713 in
1961 1652 2213 1715 hostium

375 1743 707 1822 potestatem
723 1779 744 1811 ,
773 1734 995 1810 desilit,
1021 1743 1076 1795 ct
1111 1733 1172 1794 in
1200 1754 1412 1816 equum
1429 1777 1451 1810 ,
1488 1732 1583 1824 qui
1619 1733 1691 1795 ad
1718 1733 1826 1794 hoc
1853 1733 2214 1814 sequebatur,

373 1832 456 1873 im
497 1813 688 1876 onitur
698 1830 719 1891 3
742 1812 1059 1904 insignibus
1078 1834 1304 1896 quoque
1324 1812 1548 1893 imperii
1591 1833 1662 1874 ne
1675 1814 1870 1894 fugam
1889 1812 2212 1893 proderent,

373 1833 633 1954 indecore
668 1893 922 1974 abjectiS.
958 1894 1110 1953 Tum
1150 1913 1285 1953 vero
1326 1891 1495 1953 ceteri
1532 1858 1875 1973 dissipantur
1915 1900 2096 1967 metu,
2134 1901 2211 1969 et,

374 1991 487 2050 qua
545 1971 750 2053 cuique
804 1971 1030 2052 patebat
1089 1970 1160 2032 ad
1212 1972 1410 2051 fugam
1468 1970 1558 2032 via
1569 2016 1591 2048 ,
1645 1979 1986 2051 erumpunt,
2054 1991 2215 2034 arma

371 2048 637 2129 jacientes
656 2071 784 2131 quae
796 2051 972 2141 paulo
993 2058 1123 2111 ante
1141 2049 1212 2112 ad
1237 2052 1472 2112 tutelam
1491 2070 1789 2131 corporum
1818 2060 2172 2131 sumpserant
2193 2070 2208 2112 ε

372 2126 511 2190 adeo
537 2149 710 2210 pavor
735 2138 910 2191 etiam
943 2128 1150 2192 auxilia
1165 2131 1213 2167 ⁸⁰
1237 2128 1542 2192 formidat!
1585 2130 1833 2192 Instabat
1867 2129 2213 2209 fugientibus

371 2226 541 2289 eques
580 2229 616 2270 a
655 2207 1029 2271 Parmenione
1067 2208 1298 2286 missus,
1321 2217 1377 2271 et
1405 2210 1548 2270 forte
1575 2209 1635 2270 in
1663 2210 1721 2270 id
1750 2229 1928 2271 cornu
1941 2211 1985 2248 ⁸²
2017 2227 2212 2272 omnes

373 2287 506 2367 suga
522 2286 848 2350 abstulerat.
873 2291 948 2349 At
967 2287 1027 2349 in
1048 2289 1242 2350 dextro
1271 2290 1455 2350 Persae
1478 2290 1771 2351 Thessalos
1803 2287 2018 2371 equites
2036 2290 2216 2350 rehe—

372 2374 592 2427 menter
618 2368 897 2447 urgebant
908 2372 979 2443 ⁸⁸,
1009 2368 1235 2450 ’amque
1261 2387 1380 2429 una
1405 2368 1493 2428 ala
1511 2366 1633 2449 ipso
1655 2368 1871 2448 impetu
1893 2370 2214 2459 proculcata

371 2453 491 2505 erat
507 2461 527 2522 3
571 2466 752 2527 quum
795 2448 1005 2507 Thessa
1027 2447 1083 2524 i,
1118 2455 1346 2508 strenue
1387 2445 1743 2509 circumactis
1783 2468 1941 2528 equis
1986 2447 2211 2538 dilapsi,

372 2543 570 2584 rursus
610 2524 669 2586 in
747 2524 969 2586 raelium
1018 2524 1289 2602 redeunt,
1338 2547 1668 2607 sparsosque
1714 2535 1770 2587 et
1814 2526 2213 2609 incompositos

373 2601 617 2666 vietoriae
649 2605 689 2665 fi
731 2603 858 2666 ucia
895 2605 1161 2668 barbaros
1201 2604 1419 2686 ingenti
1459 2605 1609 2666 caede
1642 2612 2023 2686 prosternunt.
2063 2605 2210 2687 Equi

423 2780 470 2815 ’θ
497 2780 693 2833 Pietate,
731 2783 1054 2825 sous-entendu
1082 2779 1134 2822 in
1151 2778 1270 2838 sra—
1324 2785 1441 2824 cette
1478 2777 1835 2823 contradiction?
1875 2780 2036 2825 Faut—il
2071 2784 2212 2825 croire

376 2837 501 2876 trem.
1321 2832 1639 2887 qu'Alexandre
1664 2834 1826 2876 n'avait
1853 2833 2025 2888 envoye
2055 2833 2084 2878 a
2105 2835 2213 2879 Par-

424 2885 471 2922 27
499 2886 560 2929 In
570 2884 853 2943 paucissimis
870 2885 965 2929 doit
981 2883 1077 2930 etro
1097 2885 1218 2941 jolnt
1237 2884 1266 2929 a
1320 2885 1499 2929 menion
1539 2887 1669 2941 qu'un
1709 2888 1865 2940 simple
1902 2887 2213 2931 detachement

375 2937 529 2983 cluo-us
1231 2949 1234 2950 ’
1321 2940 1377 2982 de
1416 2940 1630 2983 cavalerie
1663 2937 1998 2983 thessalienne?
2046 2940 2211 2984 Faut-il

426 2990 474 3046 ²9
501 2969 711 3046 Atizyes,
743 2996 918 3047 satrape
943 2991 999 3034 de
1022 2991 1070 3034 la
1097 2991 1262 3045 grande
1319 3004 1546 3046 supposer‚
1566 3004 1622 3035 en
1641 2994 1889 3038 admettant
1905 3005 1990 3047 que
2015 2993 2060 3037 10
2082 3006 2210 3049 corps

377 3044 584 3108 Pbrygle,
606 3046 682 3099 qui
699 3047 818 3088 avait
835 3045 890 3087 de
909 3042 937 3087 ἰι
962 3045 1185 3088 combattu
1208 3056 1264 3088 au
1319 3047 1463 3088 entier
1478 3043 1545 3089 fut
1564 3046 1693 3099 passe
1713 3045 1740 3088 ὲ
1759 3046 1877 3089 l'aile
1896 3047 2078 3098 gauche,
2107 3048 2209 3101 qu‘il

373 3095 514 3141 Grani
544 3109 617 3149 ue,
636 3099 752 3140 ainsi
769 3109 853 3152 que
942 3096 1195 3142 etimithi-es.
1317 3100 1435 3141 avait
1456 3111 1505 3142 re
1536 3100 1597 3141 ris
1612 3101 1787 3142 ensuite
1808 3111 1890 3141 son
1910 3098 2119 3143 ordre'de
2134 3101 2211 3142 ba·

424 3148 478 3208 19,
500 3109 693 3201 ἕπετον,
715 3164 823 3212 pour
843 3153 1050 3206 satrapa.
1314 3152 1440 3194 taille
1458 3150 1487 3195 ὴ
1524 3152 1624 3195 ’uile
1644 3149 1819 3194 droite‘?
1848 3151 1966 3194 Avec
1990 3164 2048 3194 un
2070 3153 2211 3195 histo-

424 3201 473 3237 80
497 3201 655 3246 Etiam
680 3204 868 3256 unalia,
902 3215 924 3241 ι
939 3203 1083 3247 meme
1109 3214 1161 3247 ee
1186 3204 1263 3259 qui
1314 3205 1412 3247 rien
1430 3207 1548 3249 aussi
1568 3207 1747 3248 inexact
1764 3216 1850 3258 que
1868 3204 2205 3257 Quinte-Cuma,

374 3261 478 3309 peut
496 3257 543 3300 la
558 3260 770 3300 seeourir.
790 3270 807 3295 ι
1316 3269 1372 3300 on
1390 3263 1461 3301 est
1472 3257 1618 3301 reduit
1630 3270 1714 3299 aux
1727 3261 2016 3311 conjectures,
2027 3263 2073 3300 et
2082 3263 2208 3310 peut-

425 3307 469 3343 ⁸¹
498 3307 559 3353 Id
578 3321 737 3360 contu,
759 3310 876 3353 l'aile
893 3308 1075 3364 gauche.
1316 3308 1410 3353 eti-e
1441 3311 1652 3353 serait-on
1680 3311 1826 3352 mieux
1854 3311 1912 3351 de
1948 3311 2048 3352 n'en
2078 3310 2208 3361 point

424 3360 471 3396 ⁸²
496 3363 563 3406 At
579 3363 631 3406 in
652 3362 860 3407 dextro...
878 3360 1123 3416 urgebant.
1138 3360 1264 3405 Nous
1313 3363 1540 3406 hasarder.
1579 3361 1651 3405 Du
1686 3372 1831 3416 reste,
1874 3360 2084 3404 Tite-Live
2139 3366 2208 3405 est

375 3426 510 3458 avons
534 3427 592 3461 vu
625 3416 692 3459 les
728 3417 1013 3459 Thessalicus
1053 3427 1206 3468 passer
1235 3414 1264 3458 ὲ,
1315 3421 1501 3458 souvent
1528 3420 1629 3459 tout
1659 3418 1776 3458 aussi
1808 3417 1960 3457 connis
1991 3416 2102 3457 dana
2132 3425 2205 3457 sen

373 3467 490 3510 l'asse
523 3470 690 3522 mehe
717 3482 828 3523 pour
859 3469 1058 3511 soutenir
1088 3467 1265 3511 Parme-
1314 3469 1607 3522 descriptione
1641 3469 1697 3509 de
1739 3468 1933 3510 bataiue.
1981 3466 2126 3520 (Voy.
2161 3466 2204 3509 la

374 3521 498 3573 nien,
538 3525 587 3565 et
618 3534 731 3566 nous
762 3523 832 3565 les
868 3526 1126 3565 retrouvons
1155 3519 1213 3563 ici
1235 3519 1263 3564 ὸ,
1313 3525 1541 3564 nai-ration
1566 3522 1622 3564 de
1638 3521 1685 3562 la
1704 3517 1902 3562 Bataine
1925 3517 1979 3560 de
2009 3518 2184 3563 Cannae

373 3571 489 3618 l’ails
541 3574 714 3622 droite:
762 3580 986 3619 comment
1039 3574 1265 3628 expliquer
1311 3586 1426 3629 page
1444 3576 1541 3624 202.
1558 3578 1688 3616 notes
1707 3571 1760 3613 36
1782 3574 1830 3613 et
1851 3568 1934 3622 37).
