2525 3984
340 163 456 223 154
956 164 1406 225 NARRATION
1416 166 1524 225 Ea.

343 291 727 363 Hippocrates,
751 293 954 349 castris
995 294 1067 349 ad
1110 309 1393 365 magnum
1421 295 1655 364 portum
1682 291 1726 325 00
1754 292 2154 366 communitis,

336 369 615 442 signoque
641 371 711 426 iis
731 370 859 429 dato
883 373 984 444 qui
1007 371 1399 430 Achradinam
1429 372 1728 438 tenebant,
1754 375 1938 426 castra
1964 376 2157 428 vetera

336 450 728 507 Romanorum
771 452 1004 509 adortus
1040 456 1143 523 est,
1182 452 1395 525 quibus
1432 450 1727 523 Crispinus
1777 452 2062 521 praeerat3
2102 457 2157 508 et

336 530 609 602 Epicydes
631 532 993 602 eruptionem
1015 532 1078 588 in
1101 532 1376 589 stationes
1399 528 1650 588 Marcelli
1677 528 1812 585 fecit
1839 547 1854 583 ε
1881 534 1937 585 et
1959 527 2153 585 classis

337 611 554 666 Punica
589 609 788 681 littori,
818 610 976 680 quod
1002 611 1158 667 inter
1188 611 1400 668 urbem
1428 613 1487 668 et
1523 613 1706 667 castra
1734 623 1974 664 romana
2008 612 2154 671 erat,

336 689 579 763 appulsa
599 695 701 760 est,
728 705 803 746 ne
828 689 965 762 quid
981 690 1234 761 proesidii
1256 691 1522 762 Crispino
1538 689 1827 746 summitti
1842 704 1877 743 a
1895 687 2154 745 Marcello

328 769 537 840 posset.
581 765 921 823 Tumultum
961 769 1158 823 tamen
1204 773 1492 836 majorem
1527 765 1731 824 'hostes
1768 768 2149 840 praebuerunt

329 861 507 917 quam
535 850 830 902 certamen
858 843 939 902 ¹⁰⁰.
985 844 1132 903 Nam
1172 849 1230 903 et
1264 847 1565 919 Crispinus
1595 846 2000 920 Hippocratem
2028 863 2146 906 non

330 923 546 996 repulit
561 928 789 981 tantum
805 924 1109 982 munimen
1117 925 1207 995 tis,
1221 926 1321 982 sed
1335 926 1635 983 insecutus
1645 927 1820 983 etiam
1833 930 1915 983 est
1926 927 2148 1001 trepide

331 1003 356 1058 s
358 1005 654 1074 ugientem
664 1021 682 1074 3
728 1007 786 1059 et
815 1006 1103 1076 Epicyden
1145 1003 1447 1062 Marcellus
1487 1005 1551 1063 in
1580 1007 1789 1063 urbem
1817 1008 2098 1080 compulit
2129 1025 2145 1063 ε

328 1085 578 1155 satisque
601 1086 726 1154 jam
751 1084 928 1141 etiam
956 1085 1018 1140 in
1043 1091 1343 1157 posterum
1370 1087 1681 1144 videbatur
1707 1087 2026 1159 provisum,
2069 1101 2143 1143 nc

331 1163 472 1234 quid
499 1163 571 1220 ab
597 1164 910 1236 repentinis
931 1180 1134 1222 eorum
1164 1167 1604 1224 excursionibus
1633 1165 1884 1238 periculi
1910 1164 2076 1222 foret.

398 1245 647 1301 Accessit
687 1247 746 1300 et
790 1244 1127 1316 pestilentia·
1157 1260 1474 1303 commune
1510 1245 1759 1314 malum,
1792 1246 1948 1317 quod
1983 1245 2148 1302 facile

331 1328 709 1395 utrorumque
736 1325 957 1380 animos
977 1329 1261 1381 averteret
1284 1341 1319 1381 a
1344 1326 1486 1383 belli
1513 1325 1801 1382 consiliisz
1834 1341 1972 1382 nam
1998 1330 2149 1383 tem·

330 1420 469 1477 pore
502 1404 768 1460 autumni
795 1408 851 1461 et
886 1403 1025 1462 locis
1055 1408 1264 1463 natura
1304 1407 1579 1477 gravibus
1607 1404 1696 1473 ¹⁰¹,
1729 1405 1917 1462 multo
1954 1410 2147 1462 tamen

327 1483 512 1556 magis
531 1488 689 1541 extra
708 1484 937 1556 urbem,
954 1500 1131 1555 quam
1150 1485 1213 1541 in
1228 1486 1396 1553 urbe,
1417 1483 1785 1542 intoleranda
1797 1486 1882 1541 vis
1902 1492 2071 1541 aestus
2087 1483 2150 1521 ¹⁰²

327 1579 435 1638 per
459 1567 707 1635 utraque
745 1569 928 1621 castra
959 1565 1226 1622 omnium
1259 1564 1444 1622 ferme
1483 1563 1725 1636 corpora
1750 1565 1929 1621 movit
1969 1563 2054 1621 ¹⁰³.
2086 1566 2148 1621 Et

326 1644 515 1716 primo
528 1643 803 1716 temporis
820 1659 888 1701 ac
904 1644 1011 1701 loci
1034 1644 1169 1701 vitio
1192 1649 1248 1701 et
1270 1645 1411 1716 regri
1430 1649 1596 1701 erant
1615 1647 1675 1699 et
1698 1643 2103 1699 moriebantur
2129 1664 2142 1699 ι

326 1729 523 1796 postea
563 1724 784 1780 curatio
814 1724 937 1795 ipsa
966 1723 1026 1757 ¹⁰⁸
1053 1728 1113 1780 et
1140 1729 1436 1781 contactus
1459 1740 1752 1795 aegrorum
1776 1724 2048 1795 vulgabat
2084 1723 2147 1762 ¹⁰⁸

333 1805 567 1863 morbos
607 1822 621 1859 ε
659 1809 725 1861 ut
762 1810 864 1860 aut
900 1803 1146 1875 neglecti
1189 1804 1541 1877 desertique,
1571 1806 1672 1876 qui
1702 1804 2039 1861 incidissent
2064 1803 2144 1876 ¹⁰³,

325 1888 715 1953 morerentur,
749 1887 851 1940 aut
877 1885 1190 1941 assidentes
1217 1891 1606 1956 curantesque
1638 1883 1843 1940 eadem
1876 1885 1931 1939 vi
1958 1885 2148 1940 morbi

325 1965 576 2039 repletos
603 1961 665 2004 100
691 1980 891 2022 secum
917 1964 1217 2022 traherent
1244 1962 1305 1999 ¹⁰⁸
1331 1963 1831 2037 :quotidianaque
1853 1960 2061 2020 funera
2089 1969 2147 2022 ct

326 2060 483 2101 mors
510 2045 583 2100 ob
604 2043 798 2099 oculos
827 2047 994 2114 esset,
1022 2047 1081 2100 et
1108 2043 1368 2115 undique
1394 2043 1516 2100 dies
1543 2046 1856 2114 noctesque
1891 2041 2147 2114 ploratus

326 2123 690 2180 audirentur.
736 2124 1028 2180 Postremo
1060 2124 1140 2180 ita
1174 2123 1548 2181 assuetudine
1597 2121 1740 2178 mali
1768 2121 2148 2182 efferaverant

328 2202 551 2260 animos
580 2199 662 2273 ¹⁰⁹,
700 2205 764 2259 ut
804 2217 923 2258 non
960 2202 1131 2261 modo
1157 2202 1427 2275 lacrymis
1462 2205 1746 2273 J‘ustoque
1785 2201 2144 2274 comploratu

326 2287 821 2357 prosequerentur
861 2288 1141 2354 mortuos,
1181 2283 1284 2341 sed
1328 2297 1403 2339 ne
1433 2280 1705 2337 efferrent
1740 2281 2001 2351 quidem,
2045 2287 2148 2339 aut

323 2362 889 2436 sepelirent,jaceren
895 2366 1033 2437 tque
1043 2368 1218 2421 strata
1230 2362 1494 2420 exanima
1504 2375 1743 2433 corpora
1756 2359 1819 2418 in
1829 2376 2001 2434 consp
2009 2368 2141 2420 ectu

323 2445 577 2504 similem
600 2449 849 2500 mortem
873 2444 1374 2516 exspectantium3
1403 2441 1739 2513 mortuique
1769 2456 1967 2513 aegros,
2010 2443 2142 2515 aegri

324 2524 560 2596 validos,
582 2539 766 2595 quum
782 2528 967 2593 metu,
984 2528 1110 2581 tum
1123 2523 1254 2579 tabe
1271 2538 1337 2579 ac
1350 2519 1622 2594 pestifero
1648 2519 1823 2577 odore
1836 2535 2143 2592 corporum

325 2605 695 2663 conficerent.
727 2604 792 2660 Et
820 2612 884 2661 ut
909 2601 1061 2660 ferro
1085 2602 1273 2675 potius
1297 2603 1680 2672 morerentur,
1712 2599 1950 2671 quidam
1985 2600 2147 2655 inva-

333 2753 411 2785 «ιο
429 2741 571 2783 virent
590 2745 790 2795 attaquer
804 2742 978 2797 pat-tout
997 2751 1072 2782 sur
1092 2739 1203 2782 deux
1316 2737 1376 2772 ¹⁰²
1398 2734 1580 2787 AEetus,
1618 2751 1637 2776 ι
1658 2735 1718 2779 du
1740 2733 1882 2798 sseau..
1906 2750 1924 2773 ι

324 2793 470 2851 points
504 2794 529 2836 a
563 2793 605 2834 la
634 2794 738 2838 fois.
767 2809 785 2832 ι
833 2792 964 2837 Ultro
995 2792 1203 2857 undique,
1315 2790 1378 2826 100
1402 2791 1549 2835 Movit
1579 2802 1692 2847 pour
1723 2791 1918 2843 vexavit,
1942 2788 2146 2842 oraviter

326 2858 493 2891 comme
517 2846 643 2890 ultro
684 2848 899 2901 citroque,
931 2860 1032 2890 avec
1072 2847 1202 2889 l’idee
1260 2843 1429 2901 affecit.
1969 2896 1978 2905 ι

326 2901 456 2944 d'une
489 2903 665 2954 attaque
706 2900 914 2952 generale
960 2913 1018 2944 en
1063 2900 1204 2946 meme
1316 2896 1379 2932 ²⁰⁴
1409 2896 1600 2941 Curatio
1621 2896 1756 2959 hipra,
1786 2893 1889 2939 «les
1914 2905 2144 2962 exigences

327 2951 923 3050 *Ἥρὲἒὲῗαάἓῖἲῗὶνωω
964 3008 1002 3049 v
1044 3008 1185 3050 ηοω
1258 2950 1428 3048 3³?ssss
1446 2951 1531 3047 ἓξ,
1549 2953 1851 3045 ξὲἓὶῗεῗξ“*’”
1878 2949 1963 2992 ‘¹‘*
1979 2962 2095 2994 ⁸⁰⁸¹¹³
2114 2952 2141 2997 '⁸

377 3058 444 3095 100
471 3018 721 3103 Tumuqtum
733 3016 946 3115 gajoreni
964 3039 1098 3115 quam
1112 3035 1206 3103 cer:
1314 3057 1377 3093 100
1410 3055 1633 3112 Vulqabat
1653 3032 1766 3113 pour
1782 3060 1995 3116 annuebat,
2009 3070 2139 3113 spar-

328 3117 491 3164 tamem
526 3129 545 3154 ι
579 3125 662 3156 une
693 3114 884 3168 surprise
911 3112 1007 3168 plus
1039 3113 1205 3168 grande
1257 3111 1413 3169 nebat.

325 3166 474 3264 queula
507 3167 619 3211 lutte
640 3166 791 3261 ¹nent'ut
820 3166 937 3263 ἶρνε.
960 3183 983 3254 ζ
996 3166 1110 3264 ⁴(gur
1136 3170 1205 3262 1ιέ-
1259 3161 1784 3262 ἰηίξοέἵέηξποίαἰωεηε,
1825 3165 2140 3211 sous-cntcudu

324 3233 398 3324 πῖ
418 3233 620 3331 nssevgy)
656 3233 681 3263 a
725 3233 825 3265 um
845 3232 963 3264 man
1055 3232 1167 3277 ’με
1313 3269 1376 3305 107
1394 3245 1622 3325 Raphiae,
1639 3283 1805 3314 comme
1830 3272 2030 3327 infectos.

379 3327 440 3364 ¹⁰¹
464 3328 594 3372 Locis
617 3335 785 3371 natura
814 3329 1043 3383 previbus,
1086 3342 1106 3364 ι
1124 3324 1204 3370 des
1309 3322 1374 3360 1⁰⁸
1403 3323 1557 3367 Secum
1579 3324 1820 3376 traherent,
1849 3340 1870 3364 ι
1895 3325 1948 3367 ils
1978 3325 2042 3366 les
2066 3336 2140 3366 en·

326 3381 441 3424 lieux
457 3381 1024 3427 naturellementmalsains.
1041 3394 1058 3419 ι
1086 3377 1202 3422 Gra·
1256 3378 1488 3422 trainaient
1514 3378 1622 3420 dans
1640 3379 1734 3420 leur
1764 3380 1904 3441 perte.
1922 3391 1942 3416 ι
1988 3430 1997 3440 .

326 3435 396 3477 vis
413 3447 458 3478 se
484 3435 549 3478 dit
567 3434 812 3491 &galement
836 3434 890 3476 de
913 3434 1075 3475 l’intem
1109 3433 1201 3477 eric
1311 3432 1377 3467 100
1394 3430 1708 3488 Efferaverant
1725 3441 1917 3493 animos.
1942 3446 1966 3469 ιι
1987 3429 2039 3494 ils
2053 3430 2136 3474 s'c-

325 3488 406 3532 des
432 3488 595 3533 saisons
642 3490 687 3532 et
723 3487 780 3530 de
804 3485 1065 3530 l'insalubrit
1123 3486 1203 3530 des
1256 3485 1393 3528 taient
1416 3486 1597 3534 exaltes,
1618 3495 1646 3528 »
1664 3483 1717 3526 ils
1740 3486 1909 3526 etaient
1933 3486 2133 3528 arrives·

327 3538 460 3585 lieux.
1256 3551 1315 3581 un
1332 3538 1396 3582 tel
1421 3538 1556 3595 degi-e
1574 3537 1940 3594 d'exaspcration.
1955 3566 1969 3585 .
1984 3569 1998 3584 .
