2525 3984
1023 151 1574 213 NARRATIONES.
2157 155 2222 213 31

386 285 567 364 abdit,
588 285 763 346 donec
785 283 1002 345 crinem
1021 282 1371 363 barbamque
1396 282 1752 363 promitteret
1774 299 1790 343 ε
1825 303 1961 345 nam
1980 291 2143 345 aetate
2169 303 2225 346 et

387 368 573 427 forma
599 363 752 426 haud
780 360 1040 424 dissimili
1071 360 1134 422 in
1160 361 1463 423 dominum
1490 370 1610 422 erat
1635 379 1649 422 ε
1686 370 1812 422 tum
1839 383 1940 442 per
1959 369 2229 430 idoneos⁶

386 453 445 507 et
471 442 668 506 secreti
694 443 817 524 ejus
849 440 1052 518 socios,
1090 439 1392 502 crebrescit
1420 439 1603 501 vivere
1628 441 1965 522 Agrippam,
1996 449 2238 507 occultis

391 524 642 604 primum
674 520 1054 598 sermonibuS,
1090 527 1159 580 ut
1193 519 1366 581 vetita
1404 521 1606 596 solent,
1645 540 1778 580 mox
1815 539 1956 602 vago
1998 541 2231 582 rumore

388 602 538 684 apud
565 598 978 682 imperitissimi
1017 599 1293 681 cujusque
1329 606 1618 680 promptas
1645 618 1807 660 aures
1810 644 1832 675 ,
1871 607 1969 661 aut
1996 620 2229 662 rursum

389 681 540 762 apud
580 679 859 758 turbidoS,
911 698 1088 762 eoque
1129 698 1276 740 nova
1324 677 1634 761 cupientes.
1685 678 1870 760 Atque
1915 677 2035 758 ipse
2077 679 2231 741 adire

390 758 704 842 municipia
746 758 986 823 obscuro
1025 756 1164 835 diei,
1209 777 1396 848 neque
1439 758 1734 838 propalam
1777 757 2014 839 adspici,
2049 778 2232 840 neque

390 839 608 901 diutius
637 837 843 918 iisdem
871 836 1047 900 locis:
1084 837 1181 899 sed
1210 856 1346 918 qula
1379 835 1585 898 veritas
1607 835 1732 896 visu
1767 843 1823 897 et
1843 856 2029 912 mora,
2057 838 2230 898 falsa⁷

391 917 747 1056 festinatiope
779 925 837 978 et
872 915 1101 978 incertis
1131 916 1446 993 valescunt,
1475 915 1826 997 relinquebat
1865 917 2103 991 famam,
2135 924 2233 978 aut

432 995 671 1059 raevenie
711 1003 768 1058 at
781 998 825 1056 ⁸.

395 1019 431 1077 p
473 1074 820 1158 Vulgabatur
842 1075 1073 1136 interim
1105 1096 1206 1157 per
1234 1076 1458 1139 ltaliam
1489 1082 1771 1136 servatum
1797 1094 2037 1136 munere
2060 1074 2232 1136 deum

395 1154 743 1246 Agrippam:
774 1154 1109 1216 credebatur
1136 1157 1368 1216 Romae:
1395 1155 1629 1236 jamque
1660 1153 1879 1216 Ostiam
1897 1155 1919 1190 ⁹
1947 1152 2235 1214 invectum

396 1233 701 1295 mult1tudo
731 1233 931 1314 ingens
935 1279 955 1309 ,
985 1234 1108 1314 jam
1143 1233 1200 1294 in
1237 1233 1380 1295 urbe
1417 1232 1747 1295 clandestini
1779 1241 1956 1294 coetus
1993 1233 2237 1296 celebra·

397 1314 632 1374 bant¹⁰:
673 1333 854 1394 quum
894 1311 1191 1375 Tiberium
1231 1332 1437 1394 anceps
1477 1333 1615 1374 cura
1658 1311 1992 1388 distrahere,
2042 1312 2172 1375 vine
2194 1316 2233 1351 ¹¹

398 1391 647 1454 militum
674 1412 901 1454 servum
937 1413 1107 1454 suum
1141 1400 1445 1468 coerceret,
1478 1410 1551 1453 an
1585 1391 1814 1452 inanem
1846 1390 2236 1453 credulitatem

401 1480 513 1531 tem
554 1491 649 1533 ore
684 1471 808 1553 ipso
845 1491 1142 1534 vanescere
1176 1471 1406 1532 sineret.
1447 1470 1611 1532 Modo
1651 1470 1795 1532 nihil
1829 1470 2236 1551 spernendum,

399 1570 493 1610 mo
534 1571 566 1611 o
607 1570 723 1611 non
764 1550 959 1611 omnia
988 1550 1315 1625 metuenda,
1348 1548 1648 1631 ambiguus
1692 1549 1923 1630 pudoris
1958 1571 2022 1610 ac
2052 1559 2238 1611 metus

399 1628 718 1718 reputabat.
761 1629 1053 1689 Postremo
1088 1627 1185 1687 dat
1219 1628 1510 1718 negotium
1533 1628 1798 1690 Sallustio
1827 1627 2022 1709 Crispo
2047 1646 2061 1689 ε
2092 1627 2186 1690 ille
2205 1649 2239 1690 e

401 1705 701 1769 chentibus
744 1705 886 1768 duos
938 1705 1194 1787 (quidam
1233 1707 1442 1768 milites
1490 1706 1661 1769 fuisse
1710 1707 1965 1786 tradunt)
2008 1707 2238 1788 deligit,

400 1794 570 1867 atque
618 1785 878 1846 hortatur
891 1829 913 1862 ,
970 1784 1234 1846 simulata
1275 1785 1615 1848 conscientia
1632 1791 1675 1824 ¹¹
1718 1787 1955 1862 adeant,
2005 1787 2242 1848 offerant

402 1863 727 1944 pecuniam,
758 1864 932 1927 fidem
953 1874 1122 2003 angue
1145 1863 1397 1945 pericula
1428 1865 1815 1945 polliceantur.
1841 1867 2241 1946 Exsequuntur

402 1952 466 2004 ut
515 1943 741 2025 jussum
782 1952 904 2006 erat
945 1961 963 2004 ε
1060 1942 1155 2004 ein
1195 1942 1467 2024 speculati
1519 1952 1742 2005 noctem
1794 1944 2240 2021 incustoditam·,

403 2030 629 2102 accepta
664 2021 865 2085 idonea
903 2043 1081 2084 manu
1099 2025 1166 2098 ¹⁸,
1208 2022 1463 2084 vinctum
1506 2024 1695 2084 clauso
1733 2044 1829 2084 ore
1867 2022 1929 2084 in
1967 2022 2241 2105 palatium

404 2109 640 2163 traxere.
672 2101 1063 2163 Per-cunctanti
1102 2101 1354 2178 Tiberio,
1401 2124 1432 2161 c(
1452 2102 1747 2175 Quomodo
1776 2102 2027 2184 Agrippa
2062 2103 2241 2164 factus

403 2181 590 2240 esset?
611 2202 642 2240 ι)
688 2180 1038 2262 respondisse
1076 2182 1279 2256 fertur,
1335 2203 1367 2239 «
1395 2182 1691 2254 Quomodo
1735 2190 1800 2243 tu
1830 2183 2050 2243 Coesar.
2085 2204 2115 2240 ι)
2171 2185 2242 2242 Ut

404 2258 590 2320 ederet
618 2259 820 2337 socioS,
842 2259 1024 2341 subigi
1058 2281 1172 2321 non
1203 2259 1428 2340 potuit:
1460 2281 1564 2321 nec
1591 2260 1851 2321 Tiberius
1873 2281 2098 2341 poenam
2119 2261 2241 2340 ejus

405 2338 591 2417 palam
612 2358 807 2413 ausuS,
827 2338 888 2399 in
908 2347 1119 2400 secreta
1136 2337 1329 2420 palatii
1345 2340 1389 2376 ¹⁸
1430 2346 1587 2420 parte
1605 2339 1846 2401 interfici
1882 2338 2074 2420 jussit,
2109 2359 2242 2400 cor-

406 2435 622 2498 pusque
638 2417 785 2478 clam
802 2417 1008 2477 auferri
1027 2425 1113 2479 :et
1126 2437 1453 2500 quanquam
1473 2417 1642 2479 multi
1663 2439 1694 2479 e
1705 2418 1874 2480 domo
1891 2420 1932 2455 ¹⁸
1946 2417 2240 2499 principis,

463 2597 486 2630 θ
511 2594 603 2641 Per
629 2595 830 2650 idoneos,
865 2609 888 2635 c
905 2610 986 2653 par
1014 2598 1094 2640 des
1127 2608 1237 2652 gens
1272 2597 1301 2640 ὰ
1350 2597 1499 2652 risque
1530 2606 1618 2649 peu
1647 2597 1759 2639 dans
1786 2596 1855 2639 les
1887 2593 2170 2647 revolutions,
2196 2600 2244 2656 et

408 2651 469 2693 lui
505 2665 529 2691 >
558 2650 637 2694 des
652 2648 822 2694 affides,
913 2706 916 2707 ⁷
1351 2652 1428 2704 qui
1452 2649 1609 2693 n’etait
1627 2660 1711 2717 pas
1736 2652 1956 2692 eontenue
1981 2659 2062 2701 par
2084 2648 2129 2689 la
2144 2659 2244 2701 pre-

460 2681 486 2738 ’Ῑ
510 2701 654 2745 Falsa
670 2715 727 2757 ορ
760 2701 835 2745 ose
854 2700 883 2745 ὲ,
898 2701 1083 2747 veritas.
1352 2712 1487 2746 senee
1522 2701 1580 2743 de
1612 2699 1847 2753 lautorite,
1881 2711 1932 2742 se
1965 2700 2242 2744 rassemblait

447 2753 483 2818 .⁸
512 2753 727 2812 Relinque
762 2756 812 2796 at
825 2751 1008 2848 {emam
1032 2756 1114 2796 aut
1125 2766 1302 2849 freve-
1350 2754 1688 2852 publicet-exuent
1712 2757 1866 2817 auteur
1884 2753 1940 2796 de
1955 2752 2239 2808 l'imposteur.

409 2804 578 2851 urebat.
597 2807 637 2851 11
652 2808 820 2851 n’atten
855 2810 919 2848 art
930 2818 1010 2860 pas
1023 2818 1108 2860 que
1142 2807 1304 2850 ebruit
1408 2806 1451 2840 11
1523 2818 1616 2855 me,
1692 2818 1817 2854 urm,
1834 2818 1904 2849 ne.

411 2859 562 2956 giam)
590 2859 668 2904 eut
691 2861 783 2915 pris
811 2860 867 2901 de
892 2859 939 2902 la
955 2860 1248 2912 consistance,
1266 2861 1302 2903 n
1409 2857 1455 2909 fl,
1495 2855 1625 2902 Simu
1645 2860 1726 2903 ata
1741 2858 2034 2912 conscientia,
2051 2872 2109 2902 m.
2130 2857 2161 2903 ὁ
2180 2871 2238 2903 ιιι.

457 2914 558 2955 'sait
572 2924 630 2955 en
646 2917 765 2956 sorte
785 2911 889 2977 qu'tl
906 2911 1134 2954 ‹lerneus-At
1145 2924 1172 2975 Y
1258 2923 1302 2965 e,
1356 2923 1379 2949 c
1394 2923 1498 2956 sous
1513 2913 1693 2956 couleur
1709 2913 1765 2955 de
1781 2916 1974 2959 concert.
1997 2927 2018 2952 »
2044 2911 2114 2956 De
2138 2924 2242 2957 con-

411 2961 1305 3073 Z’nssffseffcrssztssffissffffilamssff
1352 2961 2244 3071 {effipsslffussffimffiffffssssess‘sssffiff

411 3070 525 3114 D’un
560 3075 686 3117 autre
718 3069 833 3123 cote,
867 3081 925 3112 en
960 3081 1010 3112 se
1043 3068 1305 3124 presentant
1355 3074 1479 3113 ment
1521 3072 1577 3113 de
1617 3070 1967 3122 Reinshemius,
2011 3071 2122 3114 suivi
2163 3082 2244 3124 par

415 3121 659 3167 tout-beon
729 3124 842 3166 dans
872 3123 941 3165 les
972 3123 1093 3166 lieux
1127 3122 1186 3166 ou
1220 3130 1321 3167 son·
1354 3122 1418 3167 M.
1449 3122 1658 3166 Burnouf.
1691 3123 1731 3167 n
1754 3134 1867 3166 nous
1897 3125 2064 3166 semble
2119 3135 2174 3167 ue
2198 3124 2244 3165 le

412 3188 517 3219 nom
550 3175 621 3219 n'e
687 3181 708 3218 t
742 3188 824 3228 pas
856 3185 1015 3218 encore
1050 3188 1226 3228 eormu,
1269 3176 1304 3218 il
1355 3177 1449 3220 παὶ
1474 3188 1577 3220 sens
1608 3181 1704 3220 est:
1739 3187 1762 3212 ‹
1780 3187 1838 3218 en
1868 3178 2077 3219 affectant
2120 3187 2146 3217 e
2169 3173 2245 3217 de'-

415 3240 437 3266 «
456 3229 693 3284 devanqait
715 3228 772 3283 la*
786 3226 1036 3280 renommeffe
1064 3244 1086 3269 ι
1116 3225 1301 3284 (Ρττυε-
1354 3234 1593 3273 vouement
1608 3227 1636 3272 ὸ,
1653 3241 1704 3273 sa
1748 3239 1953 3270 ersonne.
1975 3244 1998 3266 s

412 3279 600 3335 uniebat).
870 3332 880 3342 .
1410 3281 1454 3315 1³
1489 3280 1636 3324 Manu
1674 3241 1807 3325 ῧῦπσ

466 3332 488 3367 ⁹
520 3332 707 3386 Ostiam,
744 3344 766 3370 c
785 3330 928 3384 osne,
946 3345 970 3371 >
1000 3337 1100 3387 port
1128 3333 1242 3377 sitne
1272 3331 1307 3376 ὲ
1355 3333 1567 3378 ἁάἒῆἀόε.
1586 3347 1609 3374 ²
1775 3367 1780 3372 -

414 3385 737 3429 1'embouchure
754 3387 813 3428 du
839 3385 983 3438 Titne,
1011 3397 1067 3429 au
1092 3384 1217 3431 S.-O.
1246 3386 1304 3430 de
1412 3384 1457 3422 1*
1484 3383 1728 3429 Palatium.
1758 3385 1824 3428 Le
1841 3386 1982 3437 palais
2001 3386 2079 3427 des
2097 3393 2240 3433 empe-

417 3436 574 3481 Rome.
848 3463 854 3469 ·
1355 3451 1481 3482 reurs
1497 3451 1572 3482 sur
1585 3439 1631 3481 le
1647 3442 1773 3480 mont
1792 3438 1984 3479 Palatia.
2019 3440 2246 3481 Palatium

471 3489 516 3523 ¹⁰
541 3487 797 3547 Multitudo
838 3490 998 3545 ingens
1031 3488 1299 3536 celebrabat.
1356 3492 1471 3534 n’est
1486 3492 1598 3533 latin
1614 3503 1700 3544 que
1717 3491 1827 3530 dans
1840 3500 1894 3529 ce
1911 3501 2028 3529 sens.

418 3539 546 3587 ceste
577 3544 803 3588 multitud(
830 3573 842 3596 ‚
887 3550 952 3593 dit
980 3544 1298 3597 Brunouf,'qui
1397 3541 1443 3578 2⁸
1467 3541 1624 3591 Domo,
1642 3543 1717 3585 <la
1739 3539 1922 3592 maisson,
1932 3539 2240 3585 reuma-luffa,

1809 3292 1838 3323 α
1853 3311 1868 3334 ,
1919 3292 1943 3317 ι
1971 3291 2060 3322 une
2091 3284 2243 3332 troupe
