2525 3984
843 260 848 265 .
929 199 1476 261 NARRATIONES.
2002 203 2119 266 359

281 331 547 395 moeroris
562 377 582 409 ,
625 332 965 414 cedebatque
1003 329 1149 394 mihi
1181 331 1479 413 paululum
1494 373 1517 406 ,
1553 348 1860 410 rursusque
1898 331 2118 412 impetu

278 433 386 473 suo
423 412 709 474 ferebatur
740 432 856 475 non
888 431 1067 501 usque
1094 409 1167 473 ad
1190 431 1294 473 eru
1337 408 1548 472 tionem
1576 411 1982 490 laerymarum,
2014 431 2123 475 nee

279 511 463 574 usque
484 490 554 554 ad
583 492 770 551 vultus
790 499 1203 569 mutationem3
1232 432 1332 552 secli
1353 510 1458 570 ego
1485 487 1729 551 sciebam
1745 534 1766 565 ,
1787 488 1925 569 quid
1953 489 2121 553 corde

280 590 624 660 premerem.
662 571 735 631 Et
774 569 910 652 quia
941 569 1088 631 mihi
1115 571 1476 632 vehementer
1501 567 1852 649 displicebat,
1898 575 2120 630 tantum

277 670 346 709 m
375 669 469 711 me
495 670 655 731 posse
680 651 802 711 haec
831 650 1085 711 humana
1097 649 1177 727 ¹‘,
1213 668 1348 730 quae
1379 647 1575 709 ordine
1603 647 1792 709 debito
1806 649 1852 685 ²⁷
1879 656 1935 710 et
1975 657 2122 712 sorte

275 728 621 791 conditionis
647 736 852 791 nostrae
868 727 1120 790 accidere
1141 747 1367 789 necesse
1388 734 1496 804 est,
1518 725 1627 788 alio
1653 726 1842 789 dolore
1861 727 2122 791 dolebam

275 807 537 870 dolorem
559 827 756 869 meum
770 810 842 884 ¹⁸,
863 816 920 869 et
947 807 1158 889 duplici
1187 805 1417 869 tristitia
1443 805 1786 869 macerabar.
1819 807 1967 868 Cum
1996 827 2125 872 ecce

277 908 489 968 corpus
506 890 721 950 elatum
740 896 849 963 est,
870 887 1048 962 imuS,
1070 885 1323 948 redimus
1343 885 1464 947 sine
1476 884 1759 963 lacrymis.
1777 886 1923 947 Nam
1940 906 2125 968 neque

301 988 346 1027 n
372 967 454 1028 eis
481 966 743 1048 precibus
759 1012 780 1043 ,
809 987 948 1056 quas
988 965 1093 1026 tibi
1123 965 1401 1040 fudimus,
1438 984 1571 1025 eum
1598 967 1898 1026 offerretur
1929 986 2033 1045 pro
2058 985 2125 1028 ea
2161 1039 2169 1046 .

283 1045 624 1108 sacrificium
671 1045 838 1134 pretii
880 1045 1059 1106 nostri
1072 1047 1143 1120 ²⁹,
1183 1045 1307 1125 jam
1353 1043 1516 1126 juxta
1559 1044 1891 1117 sepulcrum
1944 1043 2124 1124 posito

277 1125 576 1202 cadavere,
598 1143 932 1214 priusquam
958 1122 1358 1205 deponeretur,
1384 1121 1528 1184 sicut
1548 1120 1664 1184 illie
1688 1122 1809 1184 fieri
1834 1123 2001 1200 solet,
2023 1144 2126 1186 nec

278 1203 347 1267 in
375 1205 458 1266 eis
477 1204 740 1285 precibus
765 1223 869 1284 ego
891 1201 1020 1265 ssevi
1042 1248 1065 1280 ,
1100 1201 1196 1267 sed
1225 1209 1342 1263 toto
1369 1201 1460 1262 die
1523 1200 1730 1262 raviter
1760 1198 1820 1261 in
1848 1204 2126 1263 occulto⁸⁰

271 1290 522 1345 moestus
549 1303 732 1357 eram,
770 1292 826 1343 et
864 1289 1053 1344 mente
1094 1281 1319 1343 turbata
1355 1223 1624 1361 rogabam
1651 1289 1706 1342 te
1744 1289 1811 1342 ut
1845 1288 2123 1364 pqteram,

366 1381 399 1422 o
427 1382 652 1424 sanares
673 1361 926 1423 dolorem
946 1381 1167 1437 meum,
1190 1380 1294 1422 nec
1319 1359 1584 1435 faciebas,
1611 1359 1803 1435 crede,
1827 1380 2129 1421 commen-

324 1461 425 1502 ans
446 1439 931 1517 memoriae-meze,
958 1441 1044 1502 vel
1064 1441 1172 1502 hoc
1197 1459 1314 1499 uno
1328 1439 1373 1474 ³¹
1421 1437 1760 1499 documento
1781 1438 1966 1499 omnis
1996 1459 2130 1500 con-

281 1519 602 1583 suetudinis
631 1518 962 1596 vinculum,
1003 1517 1176 1580 etiam
1216 1516 1483 1579 adversus
1527 1524 1811 1593 mentem,
1847 1537 1974 1598 qum
1986 1595 1999 1607 ·
2003 1518 2128 1598 jam
2222 1529 2228 1536 '

279 1619 400 1659 non
430 1598 613 1662 fallaci
640 1600 808 1660 verbo
836 1598 1106 1680 pasoitur.
1133 1597 1339 1658 Visum
1369 1594 1542 1658 etiam
1577 1595 1722 1656 mihi
1755 1604 1862 1671 est,
1895 1603 1956 1655 ut
1983 1616 2129 1658 irem

275 1679 539 1739 lavatum
558 1723 584 1755 ,
628 1678 777 1760 quod
821 1677 1114 1740 audieram
1154 1675 1287 1738 inde
1321 1673 1536 1737 balneis
1579 1694 1786 1735 nomen
1833 1673 2127 1752 inditum;

288 1755 426 1837 quia
445 1757 624 1819 Graeci
656 1760 928 1840 βαλανεῖον
939 1758 986 1795 ⁸²
1010 1755 1288 1833 dixerint,
1317 1754 1469 1836 quod
1502 1753 1838 1816 anxietatem
1867 1754 2036 1834 pellat
2062 1773 2130 1814 ex

288 1834 507 1896 animo.
555 1837 700 1898 Ecce
736 1844 795 1898 et
834 1838 943 1898 hoc
996 1837 1265 1909 confiteor
1313 1832 1715 1894 misericordiae
1765 1841 1876 1893 tuae
1893 1877 1914 1908 ,
1969 1840 2129 1913 pater

287 1914 701 1995 orphanorum,
721 1916 994 1997 quoniam
1015 1914 1151 1992 lavi,
1171 1921 1227 1976 et
1247 1913 1375 1975 talis
1397 1931 1576 1988 eram,
1596 1911 1779 1994 qualis
1798 1910 2128 1993 priusquam

287 1992 570 2059 lavissem.
621 1997 815 2076 Neque
848 1996 1003 2057 enim
1044 1992 1334 2065 exsudavit
1382 1992 1453 2053 de
1486 1991 1651 2067 corde
1692 2011 1821 2052 meo
1869 1989 2128 2051 moeroris

287 2073 632 2134 amaritudO.
670 2074 883 2135 Deinde
918 2073 1162 2136 dormivi
1201 2083 1258 2136 et
1303 2070 1596 2152 evigilavi,
1625 2080 1681 2131 et
1711 2091 1825 2131 non
1869 2088 2040 2150 parva
2063 2089 2130 2130 ex

288 2159 450 2290 parte
473 2151 798 2233 mitigatum
822 2151 1010 2215 inveni
1037 2154 1291 2216 dolorem
1327 2167 1560 2228 meum3
1593 2160 1761 2230 atque
1788 2156 1852 2209 ut
1883 2168 2041 2209 eram
2066 2149 2129 2209 in

311 2235 436 2320 eeto
446 2251 587 2370 Ἰῳθο
622 2234 797 2309 soluS,
829 2233 1151 2295 recordatus
1169 2254 1299 2294 sum
1333 2229 1601 2292 veridicos
1627 2250 1818 2290 versus
1844 2226 2126 2289 Ambrosii

290 2321 373 2368 tui
401 2327 417 2370 ε
495 2332 534 2372 u
557 2331 615 2372 es
634 2311 787 2374 enim

872 2502 989 2546 Deus
1016 2507 1195 2545 creator
1221 2499 1443 2559 omnium,

799 2569 986 2625 polique
1010 2573 1183 2626 rector,
1209 2566 1407 2613 vestiens

797 2635 922 2682 Diem
951 2636 1120 2681 decoro
1140 2633 1332 2692 lumine,

787 2704 976 2751 Noctem
999 2713 1163 2757 sopore
1186 2702 1348 2759 gratia.

346 2892 395 2926 ²⁸
421 2890 536 2937 Haeo
566 2887 779 2943 humana,
812 2902 835 2927 ι
854 2900 930 2932 ees
960 2886 1189 2930 accidents

293 2946 500 2990 humains
533 2960 555 2985 n
573 2946 620 2988 la
637 2949 764 2993 mort,
783 2941 829 2985 la
847 2941 1115 2994 separation.

348 2999 394 3035 ²7
425 2976 595 3043 Ordine
626 2996 792 3045 debito,
831 3007 851 3030 ‹
872 3007 950 3048 par
975 3005 1037 3035 un
1056 2992 1186 3034 ordre

293 3052 449 3098 etubss.
471 3067 494 3091 ›
509 3049 689 3098 Debito,
712 3060 882 3092 comme
898 3049 1035 3090 certo.

349 3103 397 3137 28
424 3103 531 3146 Alio
562 3102 718 3146 dolore
759 3100 953 3143 dolebam
992 3094 1186 3140 dolorem

295 3168 447 3207 meum,
472 3168 495 3192 e
508 3157 556 3210 je
573 3156 766 3205 trouvais
784 3155 895 3196 dans
912 3164 986 3195 ma
1003 3151 1188 3194 douleur

295 3222 356 3253 un
376 3213 501 3252 autre
523 3210 652 3251 motis
674 3210 729 3250 de
755 3208 953 3248 douleur.
976 3221 997 3245 ›
1026 3203 1098 3263 0¹².
1116 3215 1187 3245 re-

296 3266 446 3317 grette
480 3273 555 3305 ees
589 3261 834 3303 antitheses
867 3258 1181 3306 recherchees;

294 3315 415 3358 saint
444 3313 659 3367 Augustini
696 3313 935 3362 lul-meme,
969 3312 1080 3353 dans
1114 3321 1186 3351 ses

297 3365 631 3411 Reti-aetatium
647 3378 713 3419 m,
734 3365 792 3416 6),
818 3377 844 3407 a
865 3366 952 3416 pris
968 3366 1066 3406 sein
1087 3362 1184 3404 d'en

298 3419 493 3473 tigualen-
515 3420 859 3473 quelques-unes
885 3418 994 3458 dont
1023 3417 1055 3458 il
1083 3416 1190 3458 s'ae-

296 3484 402 3515 cuse
420 3483 526 3515 avec
541 3483 631 3513 une
649 3471 833 3514 tout-han
841 3475 884 3511 te
899 3468 1111 3511 humilite.

351 3523 397 3558 ²⁹
422 3524 578 3567 Pretii
606 3523 767 3575 nostri,
816 3531 841 3553 «ι
871 3521 928 3560 de
959 3526 1088 3563 notre
1119 3518 1190 3562 re-

300 3578 545 3632 demption.
565 3592 586 3616 ι

1298 2884 1345 2919 ῑθ
1370 2885 1430 2928 In
1460 2881 1647 2934 occulto,
1685 2894 1707 2920 α
1727 2881 1838 2923 dans
1861 2880 1904 2923 le
1932 2880 2042 2925 fond
2068 2878 2124 2922 de

1242 2949 1346 2981 mon
1362 2949 1506 2980 eoeur.
1525 2951 1548 2976 »

1298 2990 1341 3024 8¹
1374 2988 1533 3036 Credo,
1573 2984 1880 3030 commendans
1914 2985 2129 3030 memorie

1244 3054 1354 3093 meae,
1375 3041 1443 3083 vel
1461 3039 1594 3083 hoe...
1623 3055 1641 3078 ι
1662 3040 1856 3089 voulant,
1879 3050 1930 3081 ce
1947 3039 2131 3093 semble,

1242 3097 1468 3158 imprimet·
1484 3095 1596 3135 dans
1617 3105 1717 3136 mon
1738 3094 1877 3146 esprit
1907 3097 2026 3136 cette
2046 3090 2131 3139 νό-

1244 3151 1329 3193 rite
1396 3160 1503 3190 ue..-
1526 3160 1547 3184 ›
1996 3154 2000 3157 *

1297 3181 1346 3237 δ”
1418 3201 1496 3242 uia
1527 3195 1673 3242 Graeci
1710 3196 1852 3256 βαλαρ
1866 3198 1957 3242 τῖον
2008 3195 2134 3239 dixe-

1242 3262 1356 3306 rim.
1383 3262 1512 3306 Saint
1537 3261 1749 3311 Augus-tin
1774 3257 1913 3310 pai-ait
1930 3256 2038 3299 faire
2055 3256 2134 3300 de·

1242 3319 1356 3359 river
1369 3318 1610 3377 βαλανεῖον
1627 3314 1682 3355 de
1695 3313 1876 3371 βάλλειν
1895 3312 1980 3359 τὰς
2001 3312 2135 3365 ἀνίας

1248 3378 1437 3433 (chassen-
1463 3379 1528 3419 les
1555 3373 1738 3420 soueish
1770 3373 1879 3414 mais
1899 3376 2017 3413 cette
2032 3369 2130 3425 ety-

1240 3434 1450 3483 mologie,
1483 3431 1587 3471 bien
1618 3426 1775 3481 qu'elle
1811 3426 1881 3486 ⁸.³².
1903 3423 1974 3466 ete
2004 3435 2130 3468 men·

1244 3485 1425 3526 tionne'e
1448 3496 1525 3535 par
1543 3484 1609 3523 les
1639 3489 1969 3532 grummmriens
1997 3483 2046 3518 et
2061 3478 2131 3520 len

1242 3536 1587 3589 lexicographez,
1619 3545 1677 3576 ne
1708 3531 1850 3586 paruit
1875 3531 2003 3584 point
2035 3528 2133 3574 etta

1243 3591 1290 3632 la
1303 3589 1530 3632 veritable.
1997 3623 2000 3626 .
