2525 3984
567 67 687 127 358
1215 66 1770 131 NARRATIONES.

563 196 864 260 trahamur
895 200 1064 260 funus
1102 196 1244 257 illud
1331 197 1577 260 uestibus
1614 198 1948 275 lacrymosis
1993 192 2420 278 gemitibusque

565 276 850 341 celebrare
864 278 934 352 ¹⁸,
967 275 1102 356 quia
1143 275 1233 334 his
1272 295 1313 352 p
1334 290 1610 360 eramque
1646 273 1786 360 solet
1821 274 2111 350 deplorari
2148 271 2422 356 quaedam

566 354 797 418 miseria
829 352 1216 425 morientium,
1246 357 1347 410 aut
1376 369 1541 431 quasi
1574 349 1903 410 omnimoda
1917 353 1967 387 ²⁰
2002 350 2305 415 extinctio.
2350 350 2424 410 At

566 432 667 496 illa
689 454 793 496 nec
816 432 1019 493 misere
1037 428 1407 505 moriebatur,
1433 448 1540 490 nec
1559 427 1790 490 omnino
1807 424 2187 492 moriebatur.
2213 432 2349 495 Hoc
2370 437 2428 489 et

565 510 914 574 documentis
950 529 1178 570 morum
1209 509 1359 590 ejus,
1399 516 1458 570 et
1495 508 1607 570 fide
1645 528 1762 571 non
1801 507 1952 583 fieta,
1976 507 2429 590 rationibusque

563 590 728 651 certis
751 588 1098 651 tenebamus.

640 666 791 741 Quid
827 688 961 748 ergo
998 675 1150 745 erat,
1174 668 1327 751 quod
1363 666 1519 730 intus
1546 666 1692 729 mih1
1731 666 1975 748 graviter
2000 663 2258 742 dolebat,
2302 669 2433 728 nisi

561 765 629 808 ex
673 747 1081 808 consuetudine
1133 747 1310 810 simul
1347 746 1571 810 vivendi
1626 745 1959 808 dulcissima
2007 753 2063 806 et
2108 743 2438 808 carissima

560 833 789 905 repente
824 825 1088 908 dirupta,
1107 828 1316 889 vulnus
1352 827 1589 890 recens?
1611 825 1953 888 Gratulabar
1986 822 2209 906 quidem
2236 825 2431 885 testi-

558 904 756 966 monio
780 905 929 986 ejus»,
956 905 1111 988 quod
1141 906 1204 968 in
1236 927 1305 969 ea
1332 906 1457 988 ipsa
1486 905 1693 967 ultima
1728 904 2092 997 aegritudine?
2126 902 2430 984 obsequiis

561 982 705 1045 meis
723 983 1165 1047 interblandiens
1178 989 1249 1063 ¹¹,
1270 983 1588 1067 appellabat
1608 1004 1703 1046 me
1721 983 1936 1065 pium':
1966 992 2024 1045 et
2049 1003 2430 1045 commemo—

559 1060 723 1125 rabat
742 1064 942 1143 grandi
966 1064 1280 1127 dilectionis
1300 1067 1504 1127 affectu
1518 1112 1537 1136 ‚
1566 1083 1864 1146 nunquam
1888 1083 1948 1125 se
1969 1061 2194 1124 audisse
2218 1082 2291 1122 ex
2318 1081 2425 1123 ore

561 1161 688 1203 meo
718 1141 1034 1223 jaculatum
1068 1143 1130 1204 in
1164 1165 1224 1204 se
1252 1142 1468 1204 durum
1498 1152 1557 1204 et
1598 1141 2074 1211 contumeliosum
2107 1144 2419 1201 sonum'n.

560 1219 671 1282 Sed
716 1230 929 1298 tamen,
965 1222 1105 1304 quid
1135 1224 1276 1297 tale,
1310 1223 1463 1283 Deus
1498 1241 1690 1298 meus,
1723 1221 1822 1302 qui
1863 1218 2045 1281 fecisti
2083 1235 2226 1295 nos3
2271 1219 2421 1300 quid

559 1300 938 1380 comparabile
961 1299 1207 1364 habebat
1231 1302 1416 1363 honor
1442 1320 1478 1363 a
1500 1320 1597 1362 me
1618 1300 1836 1362 delatus
1860 1298 1968 1376 nli,
1991 1306 2047 1358 et
2073 1298 2319 1359 servitus
2341 1298 2419 1360 ab

557 1375 660 1441 illa
703 1378 846 1440 mihi
864 1383 952 1441 ²³¹1
994 1379 1280 1454 Quoniam
1318 1379 1509 1462 itaque
1544 1379 1845 1441 deserebar
1877 1387 1997 1439 tam
2037 1396 2248 1459 magno
2290 1379 2418 1468 ejus

559 1458 784 1535 solatio,
804 1459 1162 1522 sauciabatur
1189 1457 1383 1530 anima
1408 1479 1561 1535 mea,
1584 1466 1643 1521 et
1668 1456 1832 1542 quasi
1865 1455 2246 1520 dilaniabatur
2271 1466 2413 1534 vita,

563 1557 691 1619 quoe
711 1557 829 1600 una
846 1540 992 1602 faeta
1009 1550 1131 1602 erat
1152 1560 1218 1601 ex
1241 1558 1372 1601 mea
1396 1546 1455 1601 et
1475 1537 1653 1601 iniust

640 1618 903 1680 Cohibito
923 1639 1056 1700 ergo
1082 1639 1118 1682 a
1136 1619 1394 1681 fletuillo
1414 1637 1590 1699 puero
1603 1662 1626 1695 ,
1646 1616 1979 1698 psaiterium
2001 1615 2244 1698 arripuit
2262 1617 2413 1677 Evo-

559 1693 712 1772 dius,
744 1705 804 1758 et
820 1706 1045 1760 cantare
1070 1718 1156 1760 coe
1195 1697 1240 1758 it
1261 1699 1569 1779 psatmum.
1602 1696 1708 1759 Cui
1726 1695 2201 1778 respondebamus
2220 1695 2410 1757 omnis

558 1772 796 1836 domus:
822 1798 854 1835 α
869 1776 1123 1839 Miserico
1195 1777 1312 1839 iam
1331 1787 1387 1838 et
1400 1775 1940 1858 judicium'cantabo
1959 1773 2087 1851 tihi,
2100 1773 2397 1836 Domine.»

557 1851 768 1914 Audito
795 1864 986 1917 autem
1013 1856 1152 1938 quid
1180 1865 1444 1939 ageretur
1458 1901 1481 1932 ,
1508 1863 1892 1918 convenerunt
1908 1852 2080 1916 multi
2109 1855 2305 1915 fratres
2331 1873 2398 1914 ac

558 1930 831 2012 religiosae
856 1934 1110 2010 feminae,
1140 1944 1197 1998 et
1223 1936 1295 1998 de
1323 1955 1482 1997 more
1510 1934 1621 1997 illis
1637 1981 1658 2012 ‚
1768 1954 1935 1996 orum
1962 1934 2219 1996 officium
2237 1941 2356 1994 erat
2377 1978 2398 2008 ,

559 2010 732 2072 funus
751 2014 1154 2089 curantibus’⁸,
1180 2036 1284 2096 ego
1307 2013 1369 2074 in
1388 2023 1545 2096 parte
1567 2013 1665 2076 ubi
1725 2022 1948 2075 ecenter
1966 2021 2246 2095 poteram,
2268 2032 2402 2072 eum

559 2089 639 2149 eis
659 2090 757 2178 qui
777 2112 872 2152 me
895 2113 1010 2152 non
1036 2093 1410 2154 deserendum
1431 2113 1550 2154 esse
1576 2092 1902 2169 censebant,
1929 2092 2083 2174 quod
2105 2099 2226 2154 erat
2248 2096 2404 2152 tem-

559 2186 683 2246 pori
705 2189 1020 2248 congruum
1049 2171 1409 2250 disputabam
1428 2191 1608 2252 eoque
1636 2172 1885 2233 fomento
1911 2170 2217 2233 veritatis¹⁸
2245 2169 2403 2230 miti·

558 2243 761 2336 gabam
794 2253 1119 2309 cruciatum
1146 2252 1252 2309 tibi
1285 2254 1511 2324 notum,
1548 2248 1660 2312 illis
1686 2249 2079 2333 ignorantibus
2104 2257 2160 2309 et
2185 2248 2402 2310 intente

558 2321 918 2388 audientibus
933 2372 954 2403 ,
985 2334 1042 2388 et
1067 2326 1189 2389 sine
1226 2348 1397 2389 sensu
1434 2327 1647 2391 doloris
1684 2349 1780 2391 me
1818 2347 1940 2392 esse
1968 2334 2397 2393 arbitrantibus,

560 2404 635 2464 At
661 2425 764 2486 ego
781 2404 843 2466 in
870 2405 1236 2468 auribustuis
1252 2450 1274 2484 ,
1296 2407 1396 2468 uhi
1423 2428 1624 2470 eorum
1650 2409 1842 2471 nullus
1877 2406 2141 2470 audiebat
2162 2449 2185 2481 ‚
2222 2407 2402 2469 incre-

561 2483 765 2563 pabam
807 2486 1104 2549 mollitiem
1130 2487 1381 2549 adfectus
1415 2488 1527 2549 mei
1540 2532 1562 2564 ,
1591 2496 1647 2550 et
1680 2486 2135 2568 constringebam
2182 2485 2395 2548 fluxum

562 2668 612 2700 so
647 2657 821 2702 laissatt
851 2660 962 2703 aller
991 2662 1082 2704 aux‘
1113 2659 1451 2716 gemissements
1507 2659 1642 2712 ditus,
1681 2659 1742 2702 du
1773 2657 1909 2702 verbe
1951 2653 2116 2699 inusite
2153 2650 2390 2718 interblan-

656 2712 701 2754 la
718 2713 817 2754 voix
833 2714 935 2756 d'un
955 2726 1077 2757 coeur
1088 2715 1227 2778 jeunc
1245 2727 1449 2759 encore.»
1511 2712 1627 2765 dior,
1651 2713 1800 2776 quine
1813 2722 1864 2755 se
1882 2715 2036 2755 trouve
2052 2720 2138 2764 que
2157 2707 2268 2751 dam
2283 2711 2394 2750 81²1!st

560 2767 1368 2871 ρέζὲῗῗὲοὴοξκῗξέἆῗιέαεῧὶἰξὶἓιιι
1376 2780 1452 2864 eg}
1503 2765 1579 2851 Au2
1635 2769 1818 2862 Stffit‘um.
1849 2814 2055 2860 D'autres
2087 2812 2281 2858 editions
2313 2815 2391 2863 ont

560 2870 659 2907 tant
691 2867 748 2910 de
781 2869 966 2914 beantes
999 2872 1372 2916 attendi-issantes
1403 2879 1453 2916 et
1506 2883 1762 2915 sermenem.

561 2916 785 2961 sublimes.
1008 2936 1016 2944 ·
1557 2924 1605 2957 ²³
1630 2923 1834 2967 Servitus
1848 2919 1908 2963 ab
1930 2918 2017 2962 illa
2043 2917 2170 2970 mihi,
2197 2930 2220 2955 ‹
2238 2930 2287 2961 ce
2304 2931 2390 2961 ser-

617 2970 661 3004 19
692 2971 941 3016 Celebrare.
1000 2975 1128 3020 Dcux
1188 2979 1452 3023 manuscrits
1503 2977 1599 3022 vice
1620 2977 1843 3042 ,d’esclave
1871 2973 2034 3037 qu'ell‘e
2059 2984 2145 3014 me·
2160 2972 2343 3015 rendait.
2356 2985 2387 3022 p

564 3028 803 3139 poffnomnt
763 3024 1028 3129 “dxcv-gata«
1056 3081 1290 3145 complete.
1311 3095 1335 3122 »
1381 3079 1451 3127 De
1504 3029 1768 3126 affigi&
1778 3025 2152 3131 Εηῗξτῖξεῗίῑῖἓιοῒο.
2171 3074 2390 3122 Oonstrui-

563 3128 775 3183 'adiectit
813 3133 1001 3178 barbare
1046 3133 1325 3177 οηιηιηιοᾶιιε
1369 3135 1454 3180 ⁸¹6-
1504 3147 1580 3183 soz
1616 3146 1631 3178 ε
1658 3137 1701 3181 et
1737 3132 1831 3177 illie
1868 3142 2056 3188 quorum
2091 3128 2169 3184 (id)
2204 3130 2387 3190 orfidum

565 3183 706 3228 aient
727 3184 890 3229 formes
916 3187 1029 3231 dans
1052 3188 1097 3230 la
1118 3188 1250 3232 basse
1265 3187 1451 3233 ,latinite
1505 3189 1611 3233 crat
1627 3185 1894 3232 mantibus
1913 3183 2076 3241 sunus.

578 3247 631 3280 es
666 3239 883 3300 adver-bes
919 3253 1011 3284 non
1048 3242 1194 3284 moins
1237 3241 1452 3285 barbares
1558 3239 1606 3274 ²⁵
1633 3240 1704 3284 Eo
1718 3240 1919 3299 fomento
1943 3233 2163 3286 veritatis,
2182 3232 2380 3296 litterale·

564 3292 869 3337 emntmoditer
885 3298 933 3336 et
949 3293 1289 3337 omnimodatim.
1504 3298 1658 3336 ment:
1695 3308 1719 3332 ι
1738 3305 1818 3346 par
1846 3304 1899 3334 ce
1924 3291 2086 3332 haume
2115 3289 2173 3330 de
2194 3286 2338 3337 verite,
2358 3300 2381 3326 ι

614 3341 659 3404 ²}
694 3343 917 3400 Obsequiic
949 3348 1053 3389 meis
1084 3345 1446 3398 interblandiens,
1506 3344 1776 3389 e'est-a-dire
1796 3357 1809 3388 :
1833 3355 1891 3387 en
1908 3354 1981 3386 me
1999 3344 2176 3385 servant
2189 3337 2380 3384 deleve-

564 3403 586 3429 ‘
602 3399 851 3447 rependant
867 3398 895 3441 ὰ
910 3412 1004 3455 mes
1019 3400 1261 3441 attendens
1278 3408 1358 3451 par
1374 3401 1454 3442 des
1506 3398 1591 3440 rite
1612 3398 1684 3450 (de
1701 3399 1747 3440 la
1762 3397 1914 3451 parole
1927 3392 2091 3447 divine)
2105 3404 2271 3438 comme
2285 3391 2380 3435 (ΓΜ

561 3448 735 3496 vax-oles
770 3451 828 3493 de
862 3454 1109 3495 tendi-esse.
1141 3464 1163 3488 ν
1199 3449 1455 3493 Interblam
1508 3451 1682 3492 haume.
1936 3484 1937 3487 ,
