2525 3984
343 140 458 204 238,
981 129 1529 187 NARRATIONES.

341 263 587 345 perferre
612 277 627 322 t
653 281 716 322 ac
744 261 788 321 si
813 260 940 341 quis
967 267 1051 320 tot
1078 280 1238 321 casus
1271 259 1388 324 vita
1421 258 1787 339 superaverit,
1813 260 1959 320 trahi
1997 262 2194 325 adhuc

340 343 585 404 diversas
610 339 672 400 in
692 348 891 415 terraS,
912 339 1015 400 ubi
1036 361 1137 420 per
1155 360 1366 401 nomen
1381 359 1649 420 agrorum
1664 341 1675 377 ¹
1688 339 1739 414 ⁰,
1763 338 2006 419 uligines
2023 344 2194 423 palu-

340 422 481 484 dum
515 422 587 497 ¹¹,
618 421 707 480 vel
726 418 939 481 inculta
981 418 1270 481 montium
1298 417 1595 498 accipiant.
1636 418 1812 478 Enim
1851 439 1982 480 vero
2017 422 2190 485 mili-

340 502 478 563 tiam
502 500 681 581 ipsam
700 520 953 580 gravem,
975 497 1381 559 infructuosam
1417 516 1432 558 :
1457 497 1615 558 denis
1635 497 1697 557 in
1724 498 1879 558 diem
1904 500 2122 561 assibus
2141 505 2191 539 ¹²

340 581 596 642 animam
624 587 680 640 et
705 598 907 659 corpus
929 577 1195 640 aestimari
1230 595 1245 639 t
1280 578 1414 639 hinc
1446 585 1680 652 vestem,
1709 598 1892 653 arma,
1916 580 2184 655 tentoria,

339 658 472 721 hinc
536 657 809 720 saevitiam
876 657 1273 719 centurionum
1292 703 1314 733 ,
1386 665 1441 718 et
1497 656 1810 718 vacationes
1874 679 2184 720 munerum

340 738 545 801 redimi
563 740 628 796 ¹³.
668 737 741 798 At
774 738 1004 798 hercule
1023 737 1278 813 verbera,
1307 743 1362 797 et
1385 738 1641 810 vulnera,
1670 736 1876 797 duram
1905 738 2184 814 hiemem,

340 817 609 880 exercitas
641 823 881 892 aestateS,
917 816 1130 877 bellum
1157 824 1338 893 atrox,
1360 824 1462 877 aut
1489 816 1739 876 sterilem
1769 837 1988 895 pacem,
2022 840 2187 878 sem-

340 898 562 979 piterna
587 914 603 958 ε
629 916 732 957 nee
755 895 909 957 aliud
936 898 1342 972 levamentum,
1377 916 1551 977 quam
1573 895 1619 955 si
1651 896 1816 956 certis
1837 896 1942 956 sub
1963 898 2185 978 legibus

341 976 548 1038 militia
586 974 829 1036 iniretur
844 991 864 1052 3
920 982 986 1036 ut
1017 975 1268 1055 singulos
1311 975 1567 1036 denarios
1612 984 1896 1035 mererent
1936 994 1952 1037 ε
1996 985 2185 1037 sextus

340 1056 593 1117 decimus
621 1054 886 1136 stipendii
912 1075 1093 1115 annus
1113 1056 1288 1115 finem
1310 1056 1566 1131 afferret3
1590 1075 1662 1114 ne
1683 1055 1832 1115 ultra
1844 1055 1948 1115 sub
1970 1055 2187 1116 vexillis

261 1203 266 1207 ⁴
343 1142 666 1196 tenerentur
683 1179 703 1211 ,
740 1134 835 1195 sed
867 1132 1069 1194 iisdem
1096 1133 1158 1194 in
1180 1133 1376 1195 castris
1404 1132 1708 1214 praemium
1736 1134 1977 1213 pecunia
1999 1136 2187 1195 solve-

342 1223 519 1276 retur.
544 1215 632 1275 An
654 1212 943 1294 praetorias
963 1213 1240 1289 cohorteS,
1265 1233 1391 1295 quae
1422 1212 1586 1275 binos
1613 1213 1869 1274 denarios
1891 1215 1934 1251 ¹⁸
1959 1214 2187 1294 accipe-

343 1302 501 1370 rent,
540 1313 664 1375 quae
699 1302 824 1373 post
861 1291 1140 1354 sexdecim
1168 1313 1346 1354 annos
1386 1291 1682 1374 penatibus
1712 1291 1826 1353 suis
1853 1291 2207 1369 reddantur,

341 1374 468 1453 plus
516 1370 900 1462 periculorum
938 1371 1252 1453 suscipere!
1295 1374 1420 1432 Non
1455 1370 1753 1434 obtrectari
1791 1392 1825 1432 a
1857 1392 1914 1432 se
1942 1372 2188 1434 urbanas

342 1451 605 1513 excubias
630 1473 650 1516 t
678 1451 786 1513 sibi
808 1460 998 1513 tamen
1018 1452 1169 1533 apud
1189 1452 1448 1513 horridas
1472 1460 1661 1533 gentes
1683 1471 1715 1512 e
1737 1450 2119 1512 contuberniis
2140 1454 2187 1487 ¹⁵

343 1533 566 1592 hostem
586 1532 684 1593 ads
724 1530 821 1592 ici.
840 1554 870 1590 i>
1240 1603 1245 1608 θ

426 1554 792 1702 Adstrepebat
817 1614 1018 1691 vulgus
1051 1610 1286 1672 diversis
1317 1609 1703 1671 incitamentis
1740 1627 1756 1672 ε
1800 1609 1860 1670 hi
1886 1609 2189 1669 verberum

344 1698 528 1767 notaS,
569 1687 650 1751 illi
694 1689 985 1767 canitiem,
1028 1736 1031 1740 ,
1070 1689 1268 1750 lurimi
1319 1689 1523 1751 detrita
1570 1688 1822 1779 tegmina
1869 1696 1925 1749 et
1963 1688 2185 1748 nudum

346 1790 549 1860 corpus
589 1769 1007 1852 exprobrantes.
1086 1778 1329 1831 ostremo
1374 1790 1440 1830 eo
1475 1771 1685 1829 furoris
1721 1789 1947 1843 venere,
1980 1776 2044 1827 ut
2076 1776 2188 1827 tres

344 1850 589 1930 legiones
618 1849 855 1911 miscere
895 1849 956 1909 in
996 1870 1175 1916 unam
1193 1848 1242 1884 ⁴⁶
1286 1848 1639 1939 agitaverint.
1682 1846 1913 1927 Depulsi
1946 1848 2189 1907 aemula-

348 1928 501 1988 tione
516 1928 585 2003 ¹⁷,
633 1928 771 2010 quia
809 1948 923 1990 suae
958 1928 1197 2010 quisque
1226 1926 1438 2009 legioni
1478 1948 1613 1989 eum
1648 1928 1925 1988 honorem
1966 1946 2188 2008 quaere-

348 2007 503 2082 bant,
536 2008 645 2069 alio
679 2010 987 2083 vertunt¹⁸,
1019 2016 1184 2088 atque
1209 2027 1326 2069 una
1346 2015 1460 2068 tres
1481 2007 1694 2097 aquilas
1715 2014 1770 2067 et
1797 2006 1958 2086 signa
1981 2006 2193 2066 cohor-

346 2085 494 2145 tium
527 2088 765 2147 locant¹⁹
800 2105 815 2147 ε
848 2086 1022 2148 simul
1049 2094 1362 2168 congerunt
1401 2087 1723 2167 cespites20,
1761 2092 2058 2145 exstruunt
2090 2083 2190 2143 tri-

263 3071 266 3074 ·
352 3050 487 3103 nique

403 2258 449 2293 1⁰
482 2258 732 2324 49rorum3
785 2258 875 2303 Les
932 2258 1241 2325 recompenses

345 2311 1242 2427 {mztssef’ffiztzs'zfflffiffl}

403 2417 446 2451 11
481 2417 679 2471 Uhymes
710 2417 954 2474 paludum,
1009 2423 1094 2462 etc.
1133 2417 1241 2463 Cela

348 2470 459 2514 etait
468 2475 620 2515 contre
628 2472 696 2515 les
705 2471 972 2525 reglements
981 2472 1212 2514 militaires
1223 2486 1234 2521 ς

347 2525 415 2567 les
438 2525 604 2568 soldats
627 2522 829 2569 veterane
849 2537 909 2568 ne
936 2525 1143 2568 devaient
1159 2536 1239 2577 pas
1265 2535 1269 2538 ·

349 2578 548 2621 recevoir
561 2580 639 2621 des
656 2580 845 2621 terrains
860 2579 1019 2630 arides,
1038 2577 1149 2619 mais
1160 2579 1239 2620 des

348 2631 437 2673 lots
453 2641 635 2684 propi-es
653 2629 682 2674 ὸ,
693 2632 739 2673 la
755 2632 937 2674 culture.

405 2682 447 2715 12
474 2682 615 2725 Denis
632 2683 684 2727 in
701 2682 816 2725 diem
835 2682 1026 2725 assibus.
1046 2682 1135 2725 Les
1153 2683 1243 2725 sol-

352 2737 449 2778 dats
477 2738 730 2779 recevaient
754 2738 803 2778 51
824 2737 1037 2780 centimes
1057 2736 1236 2778 d'airain

350 2800 430 2841 par
443 2788 546 2850 jour
552 2800 568 2857 Ξ
596 2790 870 2832 Percennius
898 2790 1156 2832 demandait
1179 2800 1239 2830 un

255 2849 262 2852 ’
350 2841 507 2882 demet
524 2841 553 2881 d
566 2846 736 2895 argent,
756 2843 831 2895 qui
847 2842 983 2887 valuit
1002 2842 1021 2885 1
1043 2842 1099 2885 fr.

406 2890 451 2924 13
476 2891 603 2933 Hinc
655 2896 815 2935 vestem
836 2924 847 2946 ,
901 2899 987 2936 etc.
1043 2895 1240 2948 Lorsque

798 2945 863 2988 rte
883 2946 912 2989 ὲ.
931 2947 979 2989 51
1000 2958 1039 2989 c.
1064 2948 1111 2989 la
1127 2959 1241 3001 paye

552 3046 586 3065 μ
639 3050 651 3061 ι
759 2998 958 3041 euxieme
982 3011 1135 3051 guerre
1158 3012 1245 3063 'pu-

352 3051 1245 3166 amararumagaris?

306 3164 309 3167 ’
354 3156 453 3197 dats
477 3158 752 3197 recevraient
766 3167 828 3197 un
852 3156 1143 3200 habillement
1161 3170 1246 3200 aux

353 3207 458 3250 freis
475 3207 531 3250 de
551 3207 699 3259 1'Etat,
717 3210 784 3249 fut
806 3207 1012 3262 abrogee,
1032 3214 1078 3251 et
1093 3211 1150 3252 ils
1168 3212 1248 3253 du-

354 3260 683 3304 rents'habiller
700 3264 747 3302 et
763 3260 940 3304 s’armer
961 3260 1115 3305 aleurs
1124 3264 1244 3306 freis.

409 3311 454 3345 1⁸
481 3312 622 3355 Binos
642 3312 871 3356 denarios.
896 3314 1016 3357 Dion
1042 3315 1155 3368 (mn,
1180 3316 1243 3368 11)

357 3377 508 3409 assure
527 3378 611 3420 que
629 3367 700 3410 les
718 3368 921 3410 cohortes
937 3367 1245 3421 pretor-lennes

356 3431 413 3460 ne
443 3420 695 3462 recevaient
723 3432 810 3474 que
841 3422 896 3463 20
929 3433 1064 3468 asses,
1098 3422 1248 3463 valant

357 3472 471 3514 alors
507 3472 525 3514 1
563 3472 719 3514 denier
753 3486 812 3515 un
849 3477 975 3527 quart
1009 3472 1049 3525 (1
1087 3474 1138 3513 fr.
1176 3472 1243 3525 25)

306 3541 312 3546 ·
358 3524 619 3573 seulement.
636 3535 715 3579 par
735 3527 849 3572 suite
876 3527 933 3568 de
959 3526 1001 3567 la
1025 3522 1247 3577 deprecia-

350 2943 474 2987 Jules
496 2943 630 2987 Cesar
648 2953 723 2988 eut

351 2997 441 3051 qui,
469 2997 624 3049 depuis
650 2998 697 3039 la

1294 2261 1390 2303 tion
1427 2260 1486 2301 du
1520 2260 1701 2309 denies-3
1751 2258 1872 2299 mais·
1914 2257 2188 2300 Percennius

1294 2326 1377 2357 exa
1407 2310 1481 2356 ere
1504 2310 1531 2355 ὸ,
1550 2311 1742 2353 dessein.

1348 2365 1365 2398 1
1425 2363 1756 2411 Gontubernz'is,
1785 2374 1807 2398 ‹
1826 2363 1883 2404 de
1903 2362 2026 2405 leurs
2045 2363 2190 2405 cham-

1292 2416 1436 2461 brees.
1456 2431 1478 2456 ²
1503 2416 1679 2470 chaque
1698 2420 1821 2459 tonte
1840 2416 2097 2458 renfermait
2112 2427 2187 2456 or-

1295 2472 1592 2513 dinairement
1631 2470 1706 2511 dix
1749 2470 1916 2511 soldats
1951 2479 2058 2512 avec
2090 2468 2185 2510 leur

1295 2523 1505 2573 decanus,
1528 2522 1834 2565 sous-officier.
2039 2568 2045 2574 ‚
2187 2537 2189 2539 ·

1348 2575 1393 2609 1⁶
1425 2575 1531 2617 Tres
1558 2574 1751 2627 leyiones
1771 2574 1954 2618 miscere
1971 2572 2020 2613 in
2036 2584 2185 2614 unam.

1296 2639 1318 2665 c
1336 2628 1523 2677 Vouloir
1542 2625 1693 2669 reunit-
1716 2628 1785 2669 les
1816 2629 1923 2670 trois
1941 2625 2112 2679 legions
2130 2638 2184 2668 en

1293 2693 1381 2724 une
1403 2681 1527 2725 seule
1547 2694 1569 2717 ι
1599 2680 1858 2722 constituisti:
1872 2691 1933 2722 un
1948 2677 2182 2732 επιστ-Πόθος

1294 2747 1382 2786 car,
1415 2746 1473 2777 en
1504 2744 1554 2776 se
1585 2731 1793 2785 separant
1823 2733 1903 2775 des
1932 2729 2079 2785 aigles
2114 2732 2186 2783 qui

1294 2786 1466 2830 etaient
1497 2784 1686 2838 saci-ees,
1725 2790 1773 2828 et.
1803 2796 1888 2848 que
1921 2785 1990 2827 les
2024 2784 2186 2827 soldats

1290 2841 1489 2894 juraient
1517 2840 1574 2881 de
1605 2851 1664 2881 ne
1688 2839 1848 2891 jemais
1881 2837 2183 2886 abandonner,

1294 2905 1352 2935 on
1375 2893 1648 2935 commettait
1664 2903 1753 2934 une
1771 2890 2064 2944 profanationi.

1350 2944 1394 2979 1⁷
1423 2944 1607 2999 Depulsi
1637 2942 1926 2992 aemulatnbne,
1960 2955 1983 2978 ι
2013 2941 2185 2984 detour·

1297 2996 1378 3041 nes
1416 2999 1473 3042 de
1519 3009 1570 3040 ce
1619 2999 1766 3051 projet
1807 3008 1887 3050 par
1928 2995 2097 3048 l’esprit
2131 2994 2205 3050 de·

1299 3063 1351 3094 co
1405 3063 1441 3093 s.
1464 3065 1486 3088 ›

1354 3103 1371 3134 1
1426 3102 1536 3145 Alio
1552 3103 1748 3148 vertum,
1769 3113 1792 3137 ‹
1809 3102 1865 3144 ils
1884 3102 2093 3143 tom-nent
2109 3097 2184 3140 ail-

1298 3156 1432 3209 leurs,
1453 3170 1475 3195 »
1494 3156 1552 3198 ils
1568 3159 1792 3206 prennent
1805 3165 1866 3195 un
1885 3158 2009 3195 autre
2024 3151 2148 3204 parti.

1354 3206 1398 3241 ¹9
1426 3209 1578 3263 Atque
1595 3219 1699 3254 una,
1742 3209 1821 3248 etc.
1844 3209 1920 3248 Les
1955 3205 2183 3256 enseigues

1299 3261 1379 3304 des
1398 3259 1601 3303 cohortes
1618 3257 1921 3303 etaientl-enes
1940 3262 2087 3301 autres
2104 3267 2184 3309 que

1300 3314 1435 3357 celles
1455 3315 1536 3357 des
1560 3314 1834 3364 manipules?
1865 3312 1903 3354 11
1923 3313 2016 3354 faut
2034 3313 2183 3352 enten-

1301 3367 1388 3409 dre‘
1406 3379 1489 3421 par
1511 3367 1649 3419 signa
1677 3365 1921 3407 cohortium
1946 3365 2014 3406 les
2044 3361 2183 3405 ensei-

1301 3431 1409 3471 gnes
1427 3421 1506 3461 des
1533 3416 1777 3471 manipules
1799 3418 1873 3473 qui
1888 3416 2057 3460 etaient
2079 3415 2183 3457 dans

1300 3472 1688 3580 ehggugocgffiig't
1704 3521 1904 3575 cespites.
1928 3535 1947 3558 c
1969 3522 2023 3563 iis
2039 3529 2184 3563 ama}-
