2525 3984
993 185 1548 247 NARRATIONES.
2152 190 2190 245 9

351 313 504 373 mine
522 330 666 403 puer
678 318 936 394 quidam,
950 311 1247 375 audentior
1258 312 1483 389 ceteris,
1498 311 1558 373 in
1574 313 1845 373 ulteriora
1858 311 2120 376 tendebat
2132 315 2154 349 ⁸
2171 331 2188 375 z

351 390 650 472 delphmus
669 390 939 468 occurrit,
959 399 1016 453 et
1034 413 1189 454 nunc
1207 391 1523 474 proecedere
1541 412 1812 474 puerum,
1834 411 1989 453 nunc
2009 393 2190 483 sequi,

351 489 502 531 nunc
529 469 857 548 circumire,
877 478 1162 553 postremo
1183 472 1397 549 subire,
1420 472 1701 554 deponere
1704 470 1960 548 ,·iterum
1975 470 2187 548 subire,

352 549 837 633 trepidantemque
863 552 1113 633 perferre
1139 551 1396 634 primum
1422 550 1484 612 in
1503 552 1686 614 altum
1718 568 1735 613 ε
1766 571 1900 612 mox
1926 549 2103 612 flectit
2121 551 2188 613 ad

352 626 507 690 littus
546 629 842 713 redditque
880 639 1044 693 terrae
1084 638 1142 694 et
1172 630 1508 714 aequalibus.
1552 629 1740 712 Serpit
1778 650 1879 712 per
1911 629 2190 691 coloniam

355 709 541 770 fama:
573 728 909 772 concurrere
935 730 1132 773 omnes
1146 756 1169 788 ,
1203 710 1396 792 ipsum
1431 730 1676 792 puerum
1702 717 1800 773 tan
1840 729 1976 770 uam
2006 708 2192 771 mira-

353 789 548 849 culum
566 787 877 880 adspicere,
903 788 1275 873 interrogare,
1302 789 1525 867 audire,
1545 795 1798 852 narrare.
1818 809 1824 816 ·
1875 797 2057 850 ostero
2076 787 2188 865 die,

352 867 611 928 obsident
634 870 818 946 littus,
853 889 984 951 pros
1056 877 1210 935 ctant
1235 890 1419 946 mare,
1447 876 1504 931 et
1530 867 1577 930 si
1605 866 1744 952 quid
1771 868 1918 930 mari
1944 866 2130 930 simile
2143 869 2187 930 ⁸:

352 947 560 1008 Natant
579 947 740 1027 pueri
771 965 789 1010 :
820 947 970 1010 inter
1031 970 1093 1012 os
1119 948 1239 1026 ille,
1274 949 1369 1011 scd
1389 947 1633 1011 cautius.
1663 946 1978 1030 Delphinus
1995 967 2192 1008 rursus

352 1025 421 1088 ad
446 1033 697 1108 tempus,
723 1048 919 1090 rursus
946 1028 1016 1090 ad
1044 1049 1290 1111 puerum
1307 1027 1483 1091 venit.
1515 1025 1685 1109 Fugit
1704 1027 1799 1089 ille
1812 1047 1948 1089 cum
1967 1026 2187 1089 ceteris.

350 1105 685 1186 Delphinus,
706 1108 863 1198 quasi
885 1107 1084 1171 invitet
1103 1117 1161 1171 et
1178 1116 1423 1185 revocet,
1439 1107 1648 1183 exsilit,
1662 1105 1965 1188 mergitur,
1983 1104 2195 1168 varios-

353 1205 459 1265 que
506 1185 670 1247 orbes
721 1187 1023 1268 implicitat
1067 1188 1400 1270 expetiitque
1424 1188 1471 1248 ¹¹.
1532 1189 1653 1249 Hoc
1699 1187 1876 1249 altero
1915 1184 2046 1262 die,
2085 1185 2195 1247 hoc

352 1263 514 1325 tertio
518 1310 540 1341 ,
566 1266 676 1327 hoc
739 1267 986 1343 luribus,
1007 1268 1185 1330 donec
1202 1267 1465 1329 homines
1485 1265 1792 1328 innutritos
1812 1264 1958 1327 mari
1980 1263 2196 1329 subiret

351 1342 587 1405 timendi
614 1365 695 1427 pu
733 1364 837 1407 or:
869 1346 1166 1425 accedunt,
1200 1356 1257 1409 et
1289 1346 1600 1423 adludunt,
1628 1353 1686 1408 et
1711 1346 2035 1426 appellant:
2059 1350 2196 1406 tan-

351 1431 492 1502 gunt
530 1423 704 1486 etiam
751 1433 1204 1509 pertrectantque
1251 1426 1660 1508 praebentem.
1707 1423 1923 1486 Crescit
1961 1421 2197 1486 audacia

351 1502 757 1582 experimento·
775 1504 1018 1566 Maxime
1116 1525 1202 1579 er,
1216 1506 1316 1585 qui
1338 1504 1560 1584 primus
1573 1511 1834 1584 expertus
1847 1510 1954 1579 est,
1968 1501 2199 1564 adnatat

351 1582 596 1657 natanti,
610 1580 791 1642 insilit
815 1589 1012 1662 terg03
1096 1590 1222 1642 rtur
1240 1584 1635 1662 referturque3
1665 1581 1893 1661 agnosci
1913 1600 1995 1656 se,
2016 1578 2196 1641 amari

387 1669 515 1721 utat
530 1704 552 1735 ,
594 1667 752 1720 amat
776 1658 896 1741 ipse
926 1677 942 1720 ι
972 1667 1173 1720 neuter
1202 1660 1390 1734 timet,
1432 1668 1633 1738 neuter
1658 1659 1895 1719 timetur
1930 1676 1947 1720 z
1989 1658 2198 1739 hujus⁸

350 1681 563 1800 fiducia
576 1782 599 1814 ,
649 1738 1022 1801 mansuetudo
1069 1738 1222 1800 illius
1262 1746 1523 1820 augetur.
1576 1739 1692 1799 Nec
1732 1757 1847 1798 non
1899 1736 1996 1798 alii
2036 1736 2196 1819 pueri

351 1817 549 1881 dextra
589 1818 836 1900 laevaque
877 1817 1049 1879 simul
1090 1825 1226 1880 eunt
1272 1819 1564 1880 hortantes
1604 1823 2030 1899 monentesque.
2077 1816 2200 1878 Ibat

354 1917 469 1959 una
491 1895 589 1976 (id
617 1916 842 2037 quoffile
861 1897 1101 1977 mirum)
1134 1897 1437 1980 delphinus
1463 1895 1633 1974 alius,
1674 1903 1898 1959 tantum
1926 1903 2202 1978 spectator

357 1985 412 2037 et
437 1996 649 2038 comes.
681 1978 731 2037 N
801 1977 839 2037 'l
872 1975 1029 2038 enim
1061 1975 1247 2038 simile
1275 1984 1374 2039 aut
1399 1976 1675 2053 faciebat,
1704 1984 1804 2039 aut
1835 1975 2196 2058 patiebatur:

358 2055 452 2116 sed
485 2057 728 2131 alterum
767 2056 935 2117 illum
974 2055 1237 2133 ducebat,
1280 2055 1606 2133 reducebat,
1650 2063 1716 2116 ut
1756 2076 2002 2139 puerum
2028 2054 2199 2118 ceteri

361 2134 542 2215 pueri.
569 2134 908 2201 Incredibile
933 2137 1075 2214 (tam
1095 2156 1296 2197 verum
1322 2143 1515 2198 tamen
1542 2156 1718 2219 quam
1745 2135 1958 2218 priora)
1983 2135 2202 2217 delphi-

361 2224 505 2274 num·
519 2221 856 2296 gestatorem
877 2215 1325 2298 collusoremque
1345 2235 1656 2297 puerorum
1675 2214 1963 2278 interram
1977 2234 2202 2299 quoque

360 2292 572 2355 extrahi
609 2294 840 2356 solitum
855 2339 876 2371 ,
914 2295 1209 2377 arenisque
1249 2294 1524 2357 siccatum
1540 2339 1561 2372 ,
1605 2294 1704 2356 ubi
1745 2294 2106 2370 incaluisset,
2142 2293 2199 2353 in

363 2391 518 2434 mare
535 2372 765 2434 revolvi.
805 2374 1036 2435 Constat
1057 2373 1358 2437 Octavium
1385 2373 1645 2450 Avitum,
1687 2375 1939 2456 legatum
1967 2392 2205 2455 procon-

363 2452 521 2528 sulis,
542 2451 603 2513 in
623 2452 781 2514 littus
800 2452 1001 2515 educto
1020 2453 1291 2534 religione
1312 2455 1534 2535 pravam
1546 2453 1929 2544 superfudisse
1947 2470 2207 2531 unguen-

364 2538 487 2591 tum
520 2532 682 2623 cujus
708 2532 874 2593 illum
908 2531 1216 2595 novitatem
1244 2533 1590 2614 odoremque
1609 2553 1671 2592 m
1700 2532 1882 2592 altum
1909 2527 2206 2609 refugisse,

364 2630 464 2672 nec
488 2609 599 2672 nisi
668 2618 754 2673 ost
779 2613 990 2674 multos
1028 2612 1148 2674 dies
1172 2611 1364 2673 visum
1382 2657 1403 2689 ,
1444 2608 1783 2689 languidum
1811 2616 1869 2668 et
1900 2614 2204 2686 moestum3

366 2709 517 2766 mox,
542 2632 777 2753 redditis
794 2690 1035 2767 viribus,
1070 2691 1322 2773 priorem
1352 2687 1644 2750 lasciviam
1672 2693 1728 2748 et
1754 2685 1919 2750 solita
1952 2685 2208 2749 ministe-

416 2900 440 2932 ὓ
464 2898 525 2942 In
552 2899 783 2946 ulteriora
807 2901 1046 2956 tendebat,
1081 2914 1104 2940 c
1120 2915 1258 2957 pous-
1312 2898 1484 2957 pretet:
1509 2906 1664 2948 vent.
1684 2914 1733 2945 se
1757 2902 2064 2947 iracundum.

366 2954 564 3049 {ziglplus
587 2953 682 3048 Ιξιὶἆι
710 2967 796 3049 quiz
818 2957 888 2998 les
915 2960 1079 3010 autres,
1100 2971 1122 2997 n
1155 2968 1262 3011 pro-
1366 2952 1590 3051 golgajlusg
1608 2962 1764 2999 s.-ent.
1779 2957 1953 3013 pueris

418 3058 439 3091 ⁸
463 3018 646 3121 ἕῗέἲὶᾂ
669 3019 1047 3106 ἓῗίεηιῗιιξῐὶωεξῆηἱῑε.
1074 3061 1112 3106 11
1129 3061 1258 3116 s'agit
1310 3062 1415 3116 pule
1431 3019 2106 3116 refiggu‘szrfflhbdiffffis
2123 3073 2203 3104 son

368 3111 736 3175 dql'qstumum,
758 3126 844 3168 que
869 3115 915 3159 la
939 3127 1034 3158 mer
1049 3117 1272 3168 templis:
1311 3116 1624 3159 commentaire
1660 3127 1735 3159 mr
1768 3115 1965 3159 Suetone
1998 3113 2205 3167 (θεων,

367 3169 452 3227 sart
474 3177 503 3208 a
526 3162 694 3228 lssheure
728 3167 788 3208 du
810 3167 919 3210 flux.
935 3166 1119 3222 Siquid
1145 3180 1259 3222 pour
1312 3167 1343 3220 S
1377 3167 1471 3231 81),
1507 3168 1963 3238 anegue'differentes
1996 3164 2208 3210 autorites

369 3216 608 3316 wygmzi
626 3268 869 3333 implicitae
892 3271 1177 3329 eoepeditque,
1196 3287 1257 3317 ιιι.
1331 3222 1611 3327 εζωωιθέἰῗῖιξῖ
1661 3222 1738 3316 lirisl
1760 3227 1872 3316 ἓξὲξ
1896 3222 2076 3317 33³3
2100 3219 2209 3314 {hl}

369 3319 469 3366 hm.
496 3335 519 3361 «
535 3336 655 3386 noue
672 3331 720 3367 et
739 3325 913 3367 denoue
929 3327 1050 3368 mille
1077 3331 1214 3370 tours.
1236 3342 1258 3367 »
1312 3325 1473 3368 liberte
1504 3339 1564 3368 un
1592 3329 1711 3369 anim
1774 3327 1926 3377 favori,
1952 3338 2013 3368 un
2039 3325 2207 3374 oiseau,

366 3373 432 3437 Le
474 3377 670 3432 danphm
704 3390 763 3420 ne
805 3380 1002 3420 tour-nait
1043 3391 1122 3431 pas
1162 3385 1260 3422 tou·
1346 3391 1394 3420 ar
1409 3379 1626 3430 exemple,
1646 3379 1702 3421 de
1726 3380 1929 3421 l'arroser
1944 3379 2002 3420 de
2020 3377 2209 3430 quelque

367 3439 485 3480 Jours
501 3430 614 3474 dans
626 3431 672 3473 le
688 3429 832 3473 meme
850 3431 1260 3484 sens3maisquand
1335 3433 1487 3484 ’queur
1512 3430 1754 3484 precieuse.
1793 3431 1829 3472 11
1856 3433 1944 3473 cite
1976 3435 2102 3473 entre
2133 3438 2210 3489 au-

368 3480 403 3523 ss
425 3483 543 3545 avait
555 3483 640 3526 fait
653 3493 719 3525 un
745 3487 857 3534 tour,
878 3485 913 3527 il
929 3484 972 3526 le
989 3495 1263 3527 recommen-
1316 3486 1407 3525 tres
1438 3483 1718 3525 l'historiette
1755 3483 1811 3524 de
1853 3483 1998 3525 Pline.
2044 3479 2205 3542 Fau-t-Jl

371 3538 461 3588 Qut
477 3532 741 3580 al’inverse.
1316 3540 1546 3588 rapporter
1579 3533 1609 3577 ὲ.
1640 3540 1713 3577 cet
1750 3546 1887 3585 usage
1927 3534 1973 3576 la
2004 3533 2209 3592 funtaisxe

421 3584 444 3622 ⁸
470 3585 836 3644 Proebmtmele
861 3589 1055 3643 dauphin
1091 3589 1166 3644 qui
1199 3587 1264 3642 s’y
1318 3587 1651 3641 superstitieuse
1676 3585 1928 3628 d'Octavius
1951 3577 2134 3624 Autus?

1909 3652 1965 3695 1.
