2525 3984
964 178 1514 274 NARRArloNEs.
2045 180 2155 242 331

311 310 707 393 magnitudine
746 313 967 376 sceleris
1010 315 1365 396 provectus„
1384 359 1405 389 ‚
1453 323 1518 374 ut
1548 313 1798 374 rebatur.
1846 317 1899 374 Is
1932 314 2163 376 mulieri

313 389 455 451 olim
479 391 758 473 cognituS,
784 413 883 455 seu
907 414 1099 456 recens
1120 401 1243 456 orta
1263 391 1540 470 amicitia,
1564 391 1706 452 dum
1744 414 1776 454 c<
1803 392 2008 476 merita
2031 413 2165 474 erga

316 471 599 532 Neronem
631 493 734 534 sua
746 481 803 535 et
900 494 995 534 am
1013 473 1073 534 in
1087 472 1320 535 irritum
1335 471 1704 534 cecidissent»
1730 471 1912 554 aperit
1932 470 2165 553 adjicit-

312 568 425 630 que
443 559 673 633 questus
698 561 756 614 et
783 575 815 613 α
875 551 1272 615 estinationem
1304 549 1593 628 vindictae,
1626 551 1673 612 si
1699 553 1932 628 facultas
1967 572 2165 613 orere-

313 638 444 706 tur,
472 651 502 690 »
538 652 698 712 spem
731 632 886 694 dedit
913 652 1081 714 posse
1119 629 1339 714 impelli
1383 638 1440 693 et
1475 631 1663 710 plures
1691 630 1989 693 conciliare
1999 647 2023 710 3
2059 651 2162 694 nec

313 709 431 770 lere
480 711 760 772 auxilium
800 711 863 772 in
909 713 1116 789 classe,
1164 710 1388 774 crebras
1429 708 1782 786 occasiones,
1865 709 1961 772 uia
2013 712 2161 773 Nero

312 790 493 852 multo
534 791 686 880 apud
723 792 982 854 Puteolos
1026 798 1083 854 et
1128 790 1411 852 Misenum
1458 787 1632 854 maris
1681 809 1792 850 usu
1913 788 2157 852 tabatur.

315 867 464 949 Ergo
479 868 776 949 Epicharis
800 871 1026 962 pluma
1036 888 1056 949 3
1079 878 1135 933 et
1157 868 1351 932 omnia
1366 869 1577 932 scelera
1593 865 1878 951 Principis
1896 866 2119 930 orditur
2139 887 2158 930 ε

320 967 352 1004 α
380 967 563 1029 neque
608 956 827 1011 senatui
876 949 1013 1032 quid
1061 970 1293 1012 manere
1306 949 1353 987 ⁸*
1382 967 1399 1010 ε
1434 947 1531 1010 sed
1573 945 1867 1030 provisum
1911 967 2162 1030 quonam

320 1047 352 1084 c(
382 1027 550 1089 modo
571 1047 765 1109 poenas
780 1048 981 1091 eversae
1006 1028 1333 1111 reipublicae
1355 1029 1515 1090 daret
1538 1045 1553 1088 τ
1579 1024 1965 1109 accingeretur
1985 1026 2162 1089 ‘modo

323 1124 354 1163 a
388 1126 593 1167 navare
620 1117 926 1188 operamet
949 1108 1204 1170 militum
1227 1107 1532 1170 acerrimos
1559 1105 1764 1171 ducere
1786 1105 1848 1167 in
1862 1115 2072 1188 parteS,
2096 1127 2163 1168 ac

321 1204 353 1243 α
383 1183 554 1265 digna
583 1186 764 1266 pretia
792 1197 1151 1268 exspectaret.
1175 1210 1206 1247 n
1236 1188 1484 1250 Nomina
1511 1196 1703 1248 tamen
1732 1186 2162 1268 conjuratorum

313 1262 560 1327 reticuit.
591 1264 747 1327 Unde
788 1264 1011 1328 Proculi
1046 1266 1324 1329 indicium
1359 1266 1591 1328 irritum
1628 1265 1737 1326 fuit
1752 1311 1772 1342 ,
1811 1264 2071 1347 quamvis
2097 1286 2165 1326 ea

392 1363 439 1404 ω
470 1342 722 1405 audierat
756 1345 825 1406 ad
864 1346 1148 1408 Neronem
1188 1346 1501 1409 detulisset.
1540 1344 1736 1408 Accita
1772 1344 1987 1426 quippe
2016 1346 2164 1427 Epi-

314 1442 345 1482 c
387 1421 501 1482 aris
540 1431 595 1484 et
633 1444 766 1485 cum
801 1424 989 1487 indice
1028 1425 1394 1515 composita⁸⁸
1436 1423 1609 1485 nullis
1636 1424 1877 1495 testibus?
1899 1423 2164 1484 innixum

314 1500 478 1562 facile
513 1503 840 1565 confutavit.
876 1504 985 1566 Sed
1021 1503 1143 1585 ipsa
1168 1525 1230 1564 m
1263 1502 1519 1566 custodia
1541 1509 1760 1565 retenta
1792 1511 1897 1578 est,
1927 1523 2164 1583 suspec-

314 1587 469 1718 {ante
500 1583 723 1644 Nerone
765 1582 920 1646 ha‘ud
960 1584 1098 1645 falsa
1128 1603 1246 1645 esse
1278 1582 1450 1645 etiam
1485 1601 1612 1663 quse
1639 1600 1769 1642 vera
1796 1601 1912 1642 non
1950 1581 2163 1662 proba-

354 1667 541 1722 antur.

395 1739 715 1822 Conjuratis
751 1751 941 1805 tamen
982 1751 1141 1804 metu
1186 1740 1520 1832 proditionis
1553 1738 1849 1821 permotis,
1890 1739 2163 1820 placitum

314 1826 599 1882 maturare
619 1822 829 1884 coedem
846 1821 995 1904 apud
1006 1822 1171 1884 Baias
1184 1841 1247 1882 m
1259 1820 1394 1882 villa
1407 1819 1626 1881 Pisonis
1629 1864 1649 1895 ,
1661 1819 1751 1900 cuj
1758 1839 1824 1879 us
1837 1817 2047 1880 amoeni
2054 1826 2165 1881 tate

315 1906 509 1978 captus
534 1900 720 1963 Caesar
747 1901 944 1963 creber
959 1922 1025 1963 eo
1047 1899 1383 1976 ventitabat,
1406 1899 1631 1960 balneas
1713 1919 1743 1959 e
1762 1905 1818 1959 et
1835 1900 2029 1979 epulas
2046 1897 2164 1958 ini—

314 1974 412 2037 bat
431 1978 654 2040 omissis
679 1979 929 2041 excubiis
960 1988 1014 2041 et
1036 1982 1279 2042 fortunae
1312 1999 1427 2040 suae
1448 1979 1619 2039 mole.
1661 1977 1753 2038 ‘ed
1781 1976 1980 2038 abnuit
2006 1977 2161 2053 Piso,

321 2076 353 2115 c
380 2053 655 2119 invidiam
690 2056 1075 2148 praetendens‚
1117 2059 1163 2120 si
1192 2078 1352 2120 sacra
1391 2077 1602 2119 mensa}
1632 2056 1824 2138 diique
1858 2055 2161 2136 hospitales

323 2155 353 2195 α
384 2134 534 2196 caede
562 2139 969 2219 qualiscunque
987 2137 1266 2218 Principis
1287 2144 1755 2199 cruentarentur:
1781 2136 1987 2196 melius
2011 2136 2162 2217 apud

322 2234 353 2272 α
384 2213 595 2276 Urbem
623 2215 684 2277 in
711 2216 809 2280 illa
827 2216 1008 2280 invisa
1040 2225 1097 2281 et
1116 2216 1309 2299 spoliis
1333 2215 1545 2277 civium
1571 2224 1852 2277 exstructa
1878 2214 2050 2277 domo
2075 2217 2163 2277 vel

322 2313 353 2351 α
378 2288 439 2354 in
471 2295 698 2386 publico
732 2305 1050 2378 patraturos
1084 2297 1236 2380 quod
1258 2316 1363 2378 pro
1386 2295 1676 2376 republica
1702 2294 2096 2392 suscepissent.
2123 2317 2154 2355 »

316 2373 450 2434 Haec
476 2395 537 2436 m
560 2395 893 2452 commune,
913 2384 1166 2439 ceterum
1189 2375 1396 2437 timore
1423 2376 1639 2436 occulto
1659 2395 1731 2435 ne
1756 2376 1821 2435 L.
1850 2375 2159 2449 bilanus⁸⁸,

315 2450 523 2513 eximia
552 2454 845 2518 nobilitate
881 2454 1291 2537 disciplinaque
1320 2455 1387 2516 C.
1418 2453 1619 2529 Cassii,
1646 2452 1799 2533 apud
1825 2472 1997 2543 quem
2016 2453 2164 2512 edu-

314 2537 472 2591 catus
498 2542 654 2611 erat,
679 2533 750 2595 ad
776 2555 1007 2596 omnem
1047 2532 1447 2596 claritudinem
1475 2532 1727 2594 sublatus
1741 2531 1787 2568 ³⁷
1806 2574 1826 2607 ,
1852 2530 2161 2612 imperium

314 2606 623 2689 invaderet,
648 2622 910 2697 prompte
944 2613 1162 2676 daturis
1192 2632 1426 2695 operam
1453 2611 1552 2692 qui
1586 2632 1619 2672 a
1652 2609 2036 2690 conjuratione
2063 2609 2162 2670 in-

368 2793 415 2829 ⁸¹
441 2792 552 2838 Non
573 2798 841 2865 provectus,
873 2806 897 2833 ε
936 2798 1010 2851 qui
1048 2797 1212 2845 n'avait
1264 2801 1409 2862 temps
1423 2791 1450 2838 ⁴?
1475 2793 1654 2859 Tibere,
1674 2805 1778 2856 sous
1804 2804 1855 2836 ce
1872 2797 2053 2846 rapport
2069 2792 2163 2837 n'a·

316 2858 468 2934 ⁹⁸5⁸oe
488 2849 890 2964 23233222321‘·
911 2863 1049 2956 im,
1085 2912 1213 2946 ω.
1264 2844 2163 2952 ἔέὥῖθό·ὲ,ῗιίῗηῗοῗ“αῗιέεἶῗέιῗὲἓὲῗέἑ

317 2955 517 2997 entendu
528 2957 695 3010 peryzt,
723 2968 745 2992 ι
762 2914 994 3010 ΕΡίαέοι-ἰε
1010 2957 1212 3009 pom-suit
1265 2957 1418 3012 lecon,
1447 2954 1667 3017 lesidees
1699 2965 1758 2996 ne
1790 2964 1840 2995 se
1868 2953 1982 2995 lient
2010 2953 2159 3017 guez-e.

314 3005 582 3048 l’entretien.
603 3022 625 3047 >
1265 3007 1390 3052 Nous
1419 3009 1646 3062 preserons
1672 3007 1729 3048 do
1755 3007 1999 3060 beaucoup,
2029 3018 2160 3049 sinon

371 3056 417 3091 ³⁸
447 3058 602 3113 Neque
648 3060 827 3105 senatui
893 3059 972 3104 uid
1012 3073 1208 3106 manere.
1266 3062 1313 3104 la
1329 3063 1529 3106 variante
1561 3057 1802 3111 d'Oberlin,
1832 3070 1970 3114 neque
1994 3070 2038 3102 se
2059 3057 2162 3115 jae-

318 3109 436 3155 (rest
450 3111 499 3154 la
515 3113 646 3168 leqon
675 3116 731 3176 de
755 3114 818 3157 M.
884 3117 1057 3158 urnouf.
1085 3114 1209 3159 Nous
1270 3117 1369 3158 tare
1387 3112 1800 3176 quod't‘nanelesset,
1822 3112 1897 3166 qui
1914 3124 2030 3156 nous
2045 3125 2160 3155 sem·

317 3163 484 3210 l’avons
503 3177 740 3210 conservee
755 3178 837 3222 par
847 3173 1023 3220 respect
1039 3180 1151 3222 pour
1165 3168 1211 3210 le
1265 3168 1342 3211 ble
1371 3172 1471 3221 trop
1497 3167 1702 3219 eloignee
1724 3166 1786 3207 du
1811 3167 1932 3208 texte
1959 3167 2040 3208 des
2069 3177 2162 3208 ma·

318 3222 475 3261 navant
488 3219 751 3274 traducteur,
764 3222 877 3264 mais
888 3232 1002 3267 nom
1016 3232 1212 3266 avouons
1264 3222 1472 3272 nuscrits,
1488 3220 1548 3263 du
1560 3220 1706 3261 moins
1720 3216 2009 3282 l'ingeuieuse
2027 3219 2161 3273 lecon

318 3269 476 3325 qu’elle
507 3283 567 3317 ne
598 3285 716 3317 nous
745 3273 855 3328 plait
882 3286 979 3329 pas,
1014 3279 1062 3318 et
1095 3285 1211 3318 nous
1269 3273 1491 3317 d’Ex-nesti
1512 3284 1525 3315 ε
1546 3284 1602 3315 ne
1632 3284 1686 3314 ue
1704 3272 1818 3313 calm
1838 3271 2158 3333 quidumanere.

318 3335 529 3422 “nra
546 3327 1211 3424 renarrem}
1317 3326 1365 3414 22
1392 3327 1498 3422 ΞΜ
1526 3324 1677 3420 aa.
1692 3338 1716 3363 ¹
1734 3326 2140 3419 angam...

741 3394 778 3423 n
882 3394 911 3423 u
1435 3410 1447 3422 .
1546 3403 1561 3419 .
1678 3405 1690 3417 .
2150 3399 2161 3406 -

318 3430 568 3475 restitution
589 3433 687 3485 plus
704 3436 1016 3477 satisfaisante.
1037 3432 1108 3478 On
1126 3432 1211 3477 s’e-
1262 3433 1471 3488 petit-fils
1491 3430 1744 3484 d'Auguste.

305 3485 456 3545 tenne
472 3485 732 3530 d'entendre
748 3485 977 3540 Epicharis
990 3488 1135 3542 parler
1152 3487 1209 3530 de
1317 3485 1364 3520 ³⁷
1391 3486 1429 3528 Δ
1439 3483 1470 3527 d
1486 3496 1654 3526 omnem
1670 3478 1987 3525 claritudinem
2001 3478 2146 3522 subla-

319 3532 726 3595 l’aneantissement
746 3540 805 3582 du
822 3539 981 3582 senat:
1014 3540 1058 3584 le
1079 3539 1208 3583 senat
1262 3542 1356 3588 ius,
1409 3551 1433 3576 ι
1466 3535 1650 3589 designe
1682 3535 1711 3577 ὸ,
1744 3539 1891 3576 tontes
1926 3533 1995 3575 les
2031 3545 2156 3588 gran-

319 3586 522 3632 n'etait-il
565 3602 646 3644 pas
684 3588 847 3635 annulo
892 3593 1051 3646 depuis
1082 3593 1210 3644 long·
1265 3595 1410 3644 deux-s,
1431 3604 1453 3629 ι
1471 3587 1745 3633 c'est-a-dire
1764 3586 1792 3629 ὸ,
1806 3584 2030 3637 1'Empire.
