2525 3984
353 163 470 223 278
992 158 1546 219 NARRATIONES.

353 303 517 375 atque
542 290 814 365 audaces,
842 290 1146 370 cupiebant
1175 307 1191 351 τ
1224 289 1321 351 sed
1365 288 1516 371 quod
1550 288 1811 350 volebant
1829 333 1850 364 ‚
1878 307 1994 348 non
2024 309 2199 371 quam

346 379 635 435 maturato
654 391 796 451 opus
815 380 936 430 erat
948 372 1023 447 ⁸⁶,
1048 369 1266 432 naviter
1291 369 1680 450 expediebant.
1709 369 1943 429 Interim
1968 369 2200 449 juvenes

345 453 646 526 militares),
675 459 731 511 et
756 449 962 510 assueti
996 448 1300 528 militibus,
1321 469 1475 510 nunc
1494 448 1646 530 apud
1667 469 1760 510 eos
1788 448 1937 539 ipsos
1953 449 2022 526 ⁸⁷,
2044 471 2199 510 nuuc

349 531 501 615 apud
523 531 838 610 transfugas
843 575 862 604 ,
880 549 1128 610 quorum
1149 528 1401 591 maxima
1415 548 1547 610 -pars
1568 549 1636 589 ex
1656 529 1949 590 navalibus
1970 528 2135 590 sociis
2150 532 2197 566 ⁸⁸

343 616 738 678 Romanorum
763 617 881 672 erat
900 654 921 685 ‚
943 629 1098 669 nunc
1117 608 1290 670 etiam
1316 608 1465 698 apud
1492 607 1706 687 infimae
1730 607 1910 689 plebis
1938 607 2199 671 homines
2262 640 2265 643 ⁴

348 690 592 754 crimina
611 677 869 750 serebant
889 688 949 748 in
973 696 1235 750 senatum
1255 693 1667 769 optimatesque
1697 705 1714 748 ε
1744 687 1805 748 id
1832 685 2018 749 moliri
2050 689 2197 749 elam

344 791 442 833 eos
472 778 642 851 atque
671 778 885 830 struere
903 811 923 843 ,
960 776 1024 828 ut
1058 769 1348 849 Syracusae
1389 787 1493 848 per
1537 765 1786 848 speciem
1825 768 2197 829 reconciliatae

349 848 628 912 societatis
643 851 688 886 ⁸⁹
711 848 769 907 in
791 846 1006 909 ditione
1035 849 1427 908 Romanorum
1446 846 1596 925 sint3
1621 845 1756 907 dein
1772 846 1942 909 factio
1957 855 2013 908 et
2032 847 2194 929 pauci

348 938 606 991 auctores
631 926 858 989 foederis
884 926 1135 990 renovati
1161 926 1549 989 dominentur.

428 1008 532 1070 His
591 1006 885 1069 audiendis
955 1005 1361 1087 credendisque
1429 1014 1747 1088 opportuna
1763 1007 1816 1044 ⁶⁰
1890 1005 2196 1066 multitudo

348 1089 532 1168 maior
578 1087 641 1147 in
685 1086 803 1146 dies
846 1087 1153 1167 Syracusas
1192 1086 1511 1148 confluebat
1526 1102 1547 1165 3
1598 1106 1703 1147 nec
1764 1084 2093 1167 Hippocrati
2142 1096 2197 1145 et

351 1166 586 1258 Epicydi
609 1168 792 1226 solum
821 1186 981 1246 spem
1007 1165 1399 1227 novandarum
1426 1184 1647 1241 rerum,
1672 1165 1767 1226 sed
1789 1165 2196 1226 Andranodoro

348 1255 520 1308 etiam
541 1244 847 1327 praebebat.
880 1245 990 1319 Qui
1021 1247 1199 1307 fessus
1222 1245 1451 1307 tandem
1479 1244 1669 1307 uxoris
1695 1245 1927 1306 vocibus
1953 1264 2200 1318 monen-

349 1326 418 1387 tis
434 1372 455 1403 ,
489 1346 643 1386 nunc
684 1324 829 1385 illud
867 1345 986 1386 esse
1025 1333 1140 1385 tem
1183 1345 1249 1385 us
1294 1324 1604 1406 occupandi
1645 1345 1734 1386 res
1752 1370 1773 1401 ‚
1804 1325 1946 1385 dum
1976 1325 2199 1386 turbata

350 1404 544 1467 omnia
569 1424 714 1466 nova
747 1412 915 1484 atque
947 1404 1115 1465 incon
1156 1405 1291 1465 ita⁶¹
1319 1404 1580 1466 libertate
1610 1413 1827 1480 essent,
1851 1405 1992 1465 dum
2030 1403 2197 1485 regiis

350 1482 644 1576 stipendiis
656 1485 703 1519 ⁸¹
731 1495 924 1599 pastus
954 1483 1343 1546 obversaretur
1355 1484 1402 1522 ⁶³
1429 1483 1617 1559 mileS,
1640 1483 1781 1544 dum
1816 1484 1886 1544 ab
1922 1482 2197 1555 Annibale

352 1564 509 1626 m1ssi
546 1564 717 1625 duces
756 1566 779 1600 ⁸
823 1563 1027 1625 assueti
1073 1563 1381 1641 militibus,
1419 1563 1618 1644 juvare
1658 1571 1883 1644 possent
1915 1563 2194 1643 incoepta3
2243 1634 2250 1638 ,

351 1665 486 1706 cum
514 1643 834 1719 ThemistO,
872 1643 963 1704 cui
1002 1642 1226 1703 Gelonis
1253 1642 1372 1704 filia
1398 1650 1611 1723 nupta,
1638 1663 1765 1704 rem
1797 1642 2199 1716 consociatam,

352 1743 558 1804 paucos
582 1730 706 1804 post
727 1723 846 1783 dies
866 1721 1115 1783 Aristoni
1140 1720 1368 1783 cuidam
1391 1721 1602 1803 tragico
1636 1722 1849 1800 actori,
1882 1721 1973 1783 cui
2004 1729 2060 1783 et
2089 1721 2199 1783 alia

352 1823 555 1863 arcana
577 1803 933 1863 committere
962 1809 1249 1877 assuerat,
1273 1799 1497 1862 incaute
1532 1802 1732 1883 aperit.
1768 1801 1915 1862 Huic
1942 1808 1999 1864 et
2022 1822 2197 1881 genus

352 1889 407 1943 et
434 1883 662 1953 fortuna
694 1883 931 1943 honesta
955 1889 1153 1958 erant3
1179 1900 1285 1942 nec
1315 1880 1493 1957 ars⁸⁸,
1522 1881 1655 1961 quia
1683 1880 1824 1941 nihil
1853 1882 1961 1941 tale
1974 1879 2021 1916 θ’
2046 1885 2193 1959 apud

353 1962 576 2041 Graecos
598 1960 801 2041 pudori
824 1968 908 2021 est
923 2005 940 2036 ,
960 1981 1024 2021 ea
1043 1958 1397 2021 deformabat
1422 1977 1438 2022 :
1464 1959 1652 2042 itaque
1673 1960 1838 2020 fidem
1864 1957 2194 2039 potiore1n⁶⁷

353 2048 535 2115 ratuS,
570 2060 742 2121 quam
773 2040 968 2121 patriae
998 2038 1260 2115 debebat,
1289 2037 1570 2100 indicium
1602 2038 1673 2100 ad
1704 2047 1968 2129 pioetorcs
1997 2036 2190 2101 desert.

355 2118 467 2192 Qui
487 2119 585 2179 ubi
607 2140 732 2181 rem
748 2119 902 2181 haud
918 2139 1122 2180 vanam
1135 2119 1182 2156 ⁸⁸
1201 2138 1322 2180 esse
1343 2117 1511 2180 certis
1532 2117 1756 2180 indiciis
1777 2132 2197 2199 compererunt,

415 2246 462 2281 ⁸⁶
488 2247 596 2292 Non
615 2262 747 2306 quam
768 2253 1012 2303 maturato,
1036 2257 1122 2295 etc.
1139 2249 1259 2295 Con-
1312 2250 1472 2306 vales„
1496 2251 1608 2295 mais
1624 2261 1683 2293 on
1700 2262 1759 2294 ne
1782 2254 1887 2304 peut
1907 2247 2074 2291 infe'rer
2091 2247 2195 2291 d’un

364 2301 581 2345 struisez:
620 2313 709 2345 non
738 2306 827 2345 tam
858 2304 1033 2349 naviter
1056 2304 1260 2361 expedie-
1310 2306 1407 2349 seul
1432 2314 1617 2365 passage
1645 2315 1731 2356 que
1766 2309 1883 2345 cette
1903 2302 2106 2355 pratique
2135 2301 2201 2343 ait

366 2352 476 2396 bant
552 2367 653 2397 uam
701 2359 928 2398 maturato
972 2370 1083 2420 opus
1125 2360 1256 2407 erat,
1309 2359 1504 2412 toujours
1519 2357 1591 2399 ete
1610 2353 1836 2398 observe‘e.

366 2409 514 2452 «mais
556 2421 586 2453 a
612 2408 791 2453 eelerite
818 2411 875 2452 de
909 2410 1171 2454 l'execution
1195 2422 1255 2454 ne
1366 2410 1410 2445 ⁸⁹
1438 2408 1530 2452 Per
1544 2409 1727 2463 speeiem
1745 2406 2042 2450 reconciliato
2066 2407 2201 2450 σοι-ἰα-

361 2459 598 2515 repondait
614 2475 693 2516 pas
711 2463 739 2505 ὸ,
762 2460 984 2517 l'urgence
1012 2465 1092 2507 des
1109 2476 1257 2507 mesu·
1308 2464 1432 2513 tatis,
1467 2476 1490 2502 e
1506 2474 1609 2505 sous
1626 2462 1806 2505 couleur
1831 2462 1887 2505 de
1910 2471 2101 2505 renouer
2117 2461 2199 2506 den

359 2526 431 2557 res
449 2513 478 2557 ὸ,
498 2518 702 2568 prendre.
726 2529 748 2554 2
1304 2518 1518 2560 relations
1539 2526 1646 2558 avec
1661 2528 1761 2558 eux.
1777 2531 1799 2555 ι

415 2566 460 2601 ⁸¹¹
488 2568 628 2624 Apud
656 2582 729 2612 eos
763 2571 893 2624 ipsos,
932 2570 1253 2613 sous-entendu
1360 2567 1407 2601 ⁶⁰
1438 2567 1729 2622 Opportuna,
1787 2580 1899 2621 pour
1945 2576 2196 2623 propensa,

360 2619 535 2664 milites.
591 2634 595 2638 ’
1202 2637 1208 2642 ·
1299 2619 1538 2675 proclivis,
1560 2631 1617 2662 ou
1641 2624 1763 2675 apta,
1777 2622 1970 2675 parata.

413 2672 460 2706 ⁵⁸
489 2673 567 2716 Ex
585 2674 711 2717 sociis
732 2674 981 2718 navalibus.
1013 2675 1102 2719 Les
1129 2674 1253 2729 equi·
1361 2671 1402 2705 ⁶¹
1433 2671 1691 2720 Incondila,
1724 2686 1747 2711 «ι
1776 2685 1937 2716 encore
1971 2672 2192 2729 dereglee,

314 2725 319 2736 '
393 2738 500 2780 ages
519 2728 598 2769 des
620 2730 849 2771 vaisseaux
865 2730 1060 2771 romains
1081 2728 1254 2771 etaient
1305 2723 1627 2768 desordonne'e.
1649 2739 1672 2765 »

363 2740 525 2822 ibtme's
560 2782 924 2833 originairement
959 2783 1014 2824 de
1049 2784 1252 2833 citoyens
1340 2776 1405 2839 ,δ’
1432 2776 1587 2832 Reyiis
1600 2777 2194 2838 stipendiispastusmeh-d.

360 2844 564 2926 mi}
584 2834 1256 2941 ἓῗῖῗξῗὲἓὲῃῗῶἳὲἒξυὲῗζὲἓ
1304 2843 1528 2939 mat&
1546 2844 1593 2875 '⁶
1621 2833 1888 2939 ³:133&
1906 2834 2199 2928 ’ἕῖζῖἳῖἒτῖἕὶῗ

361 2936 448 2979 fois
478 2937 673 2983 recrutes
706 2943 841 2990 parmi
873 2940 939 2982 les
965 2941 1160 2983 esclaves
1190 2941 1255 2981 af-
1304 2939 1499 2991 pom-les
1524 2939 1692 2980 soldats
1720 2951 1809 2981 une
1840 2943 1957 2981 sorte
1984 2939 2040 2981 de
2066 2937 2197 2980 haute

358 2988 566 3032 franchis.
621 2989 1048 3043 Independamment
1098 2994 1155 3035 de
1200 3004 1252 3035 ce
1305 3002 1420 3074 pape
1469 2991 1596 3033 ulie:
1612 2993 1758 3034 saisait
1771 2994 1889 3035 vivre
1908 2999 2194 3045 grassement.

363 3040 525 3084 double
543 3041 672 3084 mode
691 3043 993 3098 d'inseription
1014 3047 1249 3098 maritime,
1385 3042 1405 3076 ³
1477 3043 1766 3092 hves-caretur,
1796 3046 1855 3087 ici
1884 3046 1994 3087 dans
2025 3045 2070 3086 le
2094 3054 2198 3086 sens

362 3105 423 3135 on
467 3094 735 3154 contraignit
783 3098 892 3140 dans
935 3100 1003 3141 les
1048 3099 1251 3141 derniem
1305 3095 1362 3137 de
1380 3098 1542 3150 proetto
1558 3096 1745 3148 adesset,
1766 3110 1789 3134 ‹
1803 3097 1915 3140 etait
1943 3096 1972 3140 ὸ,
1992 3098 2089 3140 leur
2108 3096 2199 3138 dis-

361 3150 506 3198 temps
527 3147 594 3189 les
609 3148 734 3191 allies
752 3155 797 3191 et
812 3152 877 3192 les
894 3163 1004 3203 pays
1019 3152 1201 3204 conquis
1222 3149 1250 3194 ὸ,
1302 3150 1517 3202 position,
1536 3159 1641 3191 sous
1661 3150 1758 3191 leur
1778 3152 1914 3193 main.
1935 3164 1957 3189 ι

359 3199 528 3262 tom-nix:
544 3211 604 3241 un
623 3204 786 3245 certain
806 3205 988 3260 nombre
1004 3205 1059 3245 de
1078 3204 1252 3246 navit-es
1358 3200 1405 3234 ⁶⁸
1431 3201 1591 3245 Duces.
1612 3201 1811 3255 Epicyde
1842 3209 1888 3245 et
1904 3203 2176 3257 Hippocrate

361 3251 703 3305 eompletement
719 3255 861 3298 armes
883 3263 930 3298 et
955 3257 1151 3310 equipes.
1177 3255 1249 3299 On
1361 3252 1405 3286 ⁶⁸
1433 3254 1543 3302 Are,
1563 3267 1586 3293 ‹
1601 3266 1682 3297 son
1704 3256 1861 3299 metier
1879 3269 1900 3293 ι
1928 3256 2132 3298 d'acteur·

358 3316 419 3348 ne
436 3304 534 3369 leur
558 3307 814 3350 demandati
841 3315 1028 3351 souvent
1054 3321 1139 3364 que
1170 3309 1250 3351 des
1358 3303 1404 3340 ⁶³
1429 3304 1565 3351 Nihil
1601 3307 1708 3356 tale,
1750 3322 1774 3347 ‹
1803 3310 1902 3351 rien.
1936 3309 1993 3351 de
2027 3319 2080 3351 ce
2121 3318 2181 3360 qu

358 3362 617 3410 munitione,
638 3359 716 3402 des
743 3373 902 3412 armes,
931 3364 1010 3404 des
1037 3362 1249 3415 eordages
1303 3360 1464 3403 touche
1483 3373 1567 3403 aux
1584 3366 1690 3403 arts.
1708 3373 1732 3400 ι

359 3413 407 3454 et
425 3411 504 3452 des
518 3410 730 3454 hommes.
747 3413 976 3456 Tite-Live
992 3416 1057 3456 dit
1075 3427 1129 3457 au
1144 3416 1252 3458 livre
1362 3412 1408 3448 ⁶⁷
1439 3412 1680 3460 Potiorem,
1711 3426 1734 3449 ‹
1760 3411 2014 3465 supeneure
2044 3427 2066 3452 ι
2096 3409 2124 3454 ὲ
2153 3412 2201 3454 la

300 3507 305 3512 ,
360 3472 471 3513 xm,
485 3462 550 3513 31,
571 3475 656 3516 que
674 3464 916 3518 l'e‘quipage
932 3467 1031 3508 d'un
1052 3469 1253 3510 vaisseau
1307 3464 1476 3509 fidente
1497 3466 1601 3520 qu’it
1624 3466 1771 3509 devait
1788 3466 1816 3507 a
1833 3465 2166 3507 Andranodore.

361 3511 473 3556 &tait
487 3517 692 3568 compose'
719 3519 776 3559 de
805 3519 917 3560 deux
944 3521 1051 3561 tiers
1075 3520 1132 3560 de
1161 3518 1266 3561 Ro-·
1361 3516 1406 3552 ⁰⁸
1433 3518 1547 3561 Rem
1573 3516 1697 3560 haud
1726 3528 1903 3567 vanam,
1925 3514 2203 3561 dest-&dire
2263 3509 2266 3512 ’

362 3567 504 3611 mains
521 3573 569 3611 et
586 3569 687 3612 d'un
715 3570 824 3613 tiers
842 3570 1011 3614 d'allies
1029 3569 1151 3622 (socii
1167 3582 1251 3614 πα-
1304 3582 1472 3622 veram,
1488 3582 1587 3617 vere
1604 3569 1809 3615 delatam.
