2525 3984
313 141 342 197 >1
356 138 435 197 66
957 133 1505 193 NARRATlONES.

316 268 625 341 frumento,
653 274 1083 346 commeatuque
1104 273 1324 325 nostros
1345 263 1666 345 prohibere,
1690 271 1745 323 et
1779 283 1903 324 rem
1936 265 1998 324 in
2028 264 2160 326 hie-

316 366 470 406 mem
508 345 851 425 producere3
886 345 1035 427 quod
1040 390 1061 420 ,
1098 343 1168 405 iis
1209 364 1274 404 su
1317 341 1484 405 eratis
1499 343 1570 418 5⁷,
1616 351 1713 403 aut
1746 343 1934 403 reditu
1973 343 2159 406 inter-

314 424 510 500 clusiS,
536 424 824 486 neminem
850 432 1043 505 postea
1068 422 1199 484 belli
1219 422 1281 483 in
1305 421 1497 484 erendi
1526 441 1692 482 causa
1714 421 1774 481 in
1800 422 2155 485 Britanniam

318 504 685 566 transiturum
710 504 1084 565 confidebant.

361 660 366 661 ἶ
398 587 477 644 lta
556 604 612 661 e,
653 605 849 644 rursus
893 581 1279 663 conjuratione
1319 582 1498 656 facta,
1542 580 1816 660 paulatim
1856 601 1924 642 ex
1962 583 2159 644 castris

314 604 597 724 discedleie
613 706 636 739 ‚
665 683 731 724 ae
753 668 894 724 'suos
920 663 1068 723 clam
1091 680 1162 722 ‘ex
1195 659 1342 742 agris
1368 660 1644 721 deducere
1658 661 1703 696 ‘⁸
1739 669 2052 742 coeperunt.
2083 664 2160 722 At

315 743 526 817 Caesar,
568 741 670 804 etsi
697 742 953 803 nondum
986 762 1184 802 eorum
1213 739 1444 802 consilia
1478 748 1843 820 cognoverat,
1880 749 2070 801 tamen
2104 751 2160 802 et

310 842 382 881 ex
408 829 612 884 eventu
645 821 878 884 navium
914 839 1145 884 suarum
1162 820 1231 896 ⁸⁹,
1261 827 1317 881 et
1346 834 1413 880 ex
1438 840 1529 894 ee,
1573 820 1723 910 quod
1760 818 1980 881 obsides
2025 820 2161 882 dare

314 900 800 977 intermiserant⁸⁰,
816 902 935 962 fore
955 899 1011 960 id
1034 899 1182 981 quod
1205 897 1429 973 accidit,
1447 898 1854 978 suspicabatur.
1880 901 2074 983 Itaque
2088 900 2156 961 ad

311 999 512 1040 omnes
546 999 706 1040 casus
734 979 983 1040 subsidia
1011 978 1394 1059 comparabat.
1427 980 1573 1038 Nam
1609 986 1665 1038 et
1698 980 2052 1041 frumentum
2093 1000 2158 1041 ex

310 1057 462 1197 affiis
504 1058 566 1119 in
612 1068 794 1120 castra
840 1058 1091 1141 quotidie
1149 1057 1469 1118 conserebat
1486 1072 1505 1133 3
1549 1065 1606 1118 et
1656 1078 1780 1138 quae
1831 1057 2159 1137 gravissime

313 1157 346 1199 a
413 1137 533 1201 'ctae
568 1146 728 1198 erant
760 1158 928 1199 naves
963 1158 1160 1199 earum
1198 1136 1493 1198 materia⁸'
1523 1145 1690 1217 atquc
1717 1157 1828 1198 aere
1841 1139 1886 1174 ⁸²
1921 1136 1993 1198 ad
2019 1137 2161 1199 reli-

309 1237 452 1296 quas
474 1215 801 1278 reficiendas
820 1217 1082 1281 utebatur
1094 1233 1113 1294 3
1136 1226 1216 1292 et,
1241 1237 1367 1298 quae
1389 1213 1459 1277 ad
1480 1236 1572 1277 eas
1605 1237 1695 1277 res
1728 1224 1890 1277 erant
1915 1217 2070 1293 usui,
2093 1238 2155 1278 ex

313 1295 621 1357 continenti
663 1295 1001 1378 comportari
1039 1296 1296 1376 jubebat.
1345 1299 1536 1377 Itaque
1585 1315 1764 1376 quum
1821 1293 1877 1356 id
1933 1316 2160 1357 summo

310 1374 498 1436 studio
519 1396 554 1436 a
574 1375 850 1437 militibus
864 1375 1378 1451 administraretur,
1399 1374 1698 1436 duodecim
1722 1375 1958 1435 navibus
1978 1374 2156 1437 amis-

313 1453 412 1529 siS,
443 1454 674 1536 reliquis
696 1464 761 1516 ut
787 1454 1038 1537 navigari
1066 1454 1364 1517 commode
1393 1462 1612 1535 posset,
1646 1455 1838 1516 eflicit.

392 1535 546 1594 Dum
566 1554 633 1595 ea
652 1544 952 1616 geruntur,
969 1534 1208 1615 legione,
1230 1555 1297 1595 ex
1323 1533 1749 1609 consuetudine,
1772 1554 1887 1595 una
1907 1534 2162 1597 frumen-

314 1621 496 1674 tatum
536 1612 710 1675 missa
744 1634 871 1697 quae
915 1615 1302 1696 appellabatur
1341 1613 1606 1694 septima,
1641 1634 1822 1694 neque
1859 1614 1976 1674 ulla
2000 1613 2072 1675 ad
2103 1613 2159 1673 id

315 1701 539 1774 tempus
558 1692 689 1754 belli
707 1693 1021 1775 suspicione
1035 1691 1436 1774 interposita⁸³,
1454 1713 1632 1774 quum
1655 1713 1784 1774 pars
1800 1691 2102 1754 hominum
2111 1694 2159 1729 ⁸⁴

312 1770 375 1831 in
406 1771 553 1853 agris
578 1782 920 1850 remaneret,
947 1794 1076 1854 pars
1106 1772 1280 1834 etiam
1305 1771 1366 1832 in
1393 1780 1577 1833 eastra
1595 1771 1892 1833 ventitaret
1908 1788 1930 1849 3
1959 1771 2026 1847 ii,
2061 1773 2156 1862 qui

315 1871 417 1931 pro
445 1851 621 1932 portis
648 1860 961 1913 castrorum
992 1851 1051 1913 in
1080 1852 1318 1913 statione
1345 1860 1506 1913 erant
1521 1853 1592 1929 ⁸⁸,
1621 1851 1826 1913 Caesari
1861 1859 2160 1912 renunt1a-

315 1938 552 2007 verunt,
582 1932 872 2011 pulverem
902 1932 1214 2014 majorem,
1247 1951 1423 2013 quam
1469 1932 1814 1992 consuetudo
1854 1932 2022 1992 ferret
2043 1975 2063 2006 ,
2099 1930 2178 1990 in·

310 2027 379 2070 ea
433 2017 590 2089 parte
628 2008 841 2088 videri,
888 2032 1060 2093 quam
1118 2011 1178 2072 in
1226 2019 1448 2093 partem
1463 2011 1508 2048 ⁸⁸
1571 2009 1714 2092 legio
1729 2011 1775 2048 ⁸⁷
1835 2009 1944 2072 iter
1990 2009 2160 2070 fecis-

313 2090 479 2148 set⁵⁸.
518 2090 726 2166 Caesar,
748 2089 808 2150 id
842 2090 992 2171 quod
1025 2099 1145 2152 erat
1172 2088 1511 2171 suspicatus,
1539 2088 1753 2171 aliquid
1790 2089 1921 2150 novi
1956 2109 1990 2150 a
2022 2089 2161 2150 bar-

316 2166 465 2227 baris
493 2165 707 2229 ,initum
742 2168 987 2246 consilii,
1022 2171 1303 2245 cohorteS,
1425 2190 1472 2230 ae
1511 2168 1573 2229 in
1615 2168 1950 2229 stationibus
1976 2177 2158 2245 erant,

313 2266 507 2307 secum
529 2245 591 2306 in
612 2266 738 2308 eam
766 2255 984 2329 partem
1013 2248 1316 2330 proficisci,
1384 2269 1483 2309 uas
1506 2269 1574 2310 ex
1605 2247 1836 2328 reliquis
1849 2250 1896 2284 ⁸⁹
1937 2247 1999 2307 in
2040 2256 2161 2309 sta-

366 2388 405 2427 ⁸7
442 2391 508 2434 Iis
530 2392 776 2457 superatis,
805 2408 828 2433 ι
843 2396 883 2439 si
898 2395 1073 2439 ceux-la
1089 2395 1210 2450 (l'ar-
1261 2397 1338 2452 qui
1354 2397 1649 2440 rattaehaient
1674 2398 1805 2439 entre
1822 2396 1936 2440 elles
1951 2395 2018 2439 les
2036 2394 2161 2439 diffe-

312 2443 410 2508 mee
442 2445 821 2508 expeditionnaire
850 2449 926 2504 qui
952 2451 1070 2493 avait
1089 2450 1203 2494 suivi
1260 2455 1412 2493 rentes
1428 2448 1579 2505 pieees
1595 2447 1768 2492 etateut
1784 2449 1841 2492 de
1859 2449 2022 2502 cuivre,
2043 2448 2158 2493 ainsi

311 2497 448 2542 Cesar
481 2500 651 2542 etaient
669 2502 861 2544 mineus.
881 2514 904 2540 ›
1260 2514 1346 2564 que
1362 2501 1560 2556 l'eperon
1585 2499 1812 2556 (rostrum)
1832 2502 1943 2545 dont
1955 2503 1999 2544 la
2023 2512 2160 2555 prone

366 2549 413 2584 ¹08
486 2563 519 2593 :n
544 2552 670 2607 agris
696 2552 921 2602 deducere,
955 2565 980 2592 c
996 2555 1202 2608 rappeler
1259 2556 1373 2598 etait
1390 2555 1553 2599 armec.

312 2615 417 2663 sous
441 2605 510 2648 les
534 2605 770 2660 drapeaux.
790 2620 812 2644 ι
838 2605 962 2650 Nous
989 2618 1125 2650 avons
1148 2620 1206 2651 vu
1312 2607 1361 2641 88
1385 2607 1532 2651 Nulla
1557 2606 1825 2660 suspicione,
1858 2612 1964 2659 ete„
2000 2620 2023 2643 ι
2054 2617 2161 2649 sans

314 2655 670 2709 precedemment
718 2671 775 2702 ue
790 2660 856 2702 les
876 2660 998 2703 ehefs
1013 2659 1207 2704 Bretons
1260 2673 1346 2714 que
1377 2662 1474 2704 rien
1506 2658 1583 2703 eut
1611 2657 1828 2711 transpire
1860 2660 1941 2701 des
1969 2658 2157 2711 disposi-

313 2710 491 2753 avaient
513 2720 681 2765 renvoy
732 2713 851 2756 leurs
884 2716 1066 2768 troupes
1092 2714 1205 2756 dans
1258 2715 1379 2756 tions
1394 2713 1581 2757 hostues
1596 2713 1677 2756 des
1693 2712 1899 2755 Bretons.
1919 2725 1943 2756 2.

313 2762 431 2805 leurs
449 2764 610 2816 loyen,
628 2765 677 2807 in
695 2776 844 2821 apros.
1314 2764 1360 2799 ὅ*
1387 2765 1647 2814 Hominum,
1681 2774 1706 2801 c
1723 2766 1803 2808 des
1835 2765 2065 2808 habitante
2101 2766 2158 2806 du

368 2812 415 2847 ⁸⁹
444 2814 521 2856 Ea:
556 2818 716 2859 eventu
760 2818 943 2860 navium
986 2829 1175 2862 suarum
1190 2847 1205 2866 ‚
1258 2831 1320 2873 pe
1377 2850 1387 2861 .
1405 2831 1429 2857 >

316 2865 533 2929 ‘’d’apres
548 2880 600 2910 ce
618 2869 693 2922 qui
709 2867 819 2912 &tait
835 2869 974 2914 ari-ive
992 2869 1022 2914 ὰ
1039 2883 1111 2914 ses
1128 2883 1209 2914 na-
1314 2831 1373 2904 ἶέ
1387 2870 1448 2934 11η
1465 2870 1662 2914 statione
1683 2873 1828 2916 erant.
1851 2869 1925 2915 Un
1943 2882 2068 2929 camp
2087 2881 2158 2912 ro-

317 2930 447 2961 wres.
466 2932 489 2957 ²
1256 2925 1378 2967 main
1402 2926 1514 2966 etuit
1541 2925 1892 2968 ordinairement
1916 2925 2049 2977 garde
2079 2935 2160 2975 par

370 2969 416 3004 ⁵⁰
450 2968 578 3017 Quod
613 2969 782 3014 obsides
818 2973 929 3016 dare
962 2974 1208 3019 intermise-
1256 2988 1346 3019 une
1373 2976 1555 3020 cohorte
1584 2981 1632 3018 et
1660 2989 1740 3030 par
1765 2989 1826 3018 un
1855 2977 2067 3019 eseadron
2102 2977 2158 3018 de

317 3025 441 3071 rant,
462 3035 484 3060 ‹
499 3035 557 3066 en
574 3025 722 3067 raison
740 3026 797 3068 de
814 3039 864 3068 ee
880 3027 1005 3081 qu’ils
1026 3029 1205 3070 avaient
1256 3030 1488 3073 cavalerie.
1531 3027 1649 3073 C'est
1689 3040 1740 3071 ce
1788 3029 1919 3082 qu’on
1962 3029 2156 3082 appelait

316 3075 778 3171 suppeffutlafemise
792 3078 1059 3144 des-otages3
1078 3093 1101 3119 ›
1170 3133 1181 3145 ·
1256 3082 1408 3152 arsafiog
1430 3094 1528 3125 <un
1554 3086 1700 3136 poste,
1719 3095 1742 3120 ι
1776 3093 1833 3123 ou
1862 3079 2014 3136 pluto?
2029 3095 2050 3118 t
2067 3092 2156 3122 une

315 3179 441 3224 entre
463 3130 1065 3228 dgngrizgfirzggspggfiznqm
1094 3130 1205 3176 &aa
1256 3134 1593 3234 grffaaggrffih
1604 3149 1807 3242 {mv-tem,
1820 3199 1932 3240 pour
1944 3186 1991 3228 in
2009 3198 2150 3243 quam.

329 3287 336 3294 ⁵
370 3233 414 3267 δ’
442 3234 579 3287 AEre,
628 3249 651 3274 ε
681 3235 726 3279 le
759 3239 904 3280 euivre
939 3251 962 3277 ›
1006 3239 1116 3282 dont
1147 3239 1204 3283 ils
1258 3238 1389 3283 Cette
1421 3237 1661 3294 repetition
1694 3244 1764 3282 est
1795 3241 2017 3282 ordinaire
2052 3242 2156 3281 enez

315 3289 485 3330 etaient
512 3289 673 3342 garnis-
705 3289 794 3333 Les
821 3292 1005 3335 enciens
1036 3303 1084 3335 se
1114 3304 1207 3336 ser·
1258 3289 1407 3336 Cesar.

316 3342 466 3383 vaient
492 3346 662 3384 nunout
686 3342 744 3386 de
772 3345 916 3387 euivre
943 3345 1054 3387 dans
1079 3346 1124 3388 la
1145 3347 1207 3388 fa·
1313 3343 1357 3379 57
1386 3344 1536 3400 Εερίο.
1576 3345 1646 3389 La.
1671 3343 1822 3398 legion
1854 3345 1931 3398 qui
1951 3344 2070 3386 avait
2084 3340 2156 3386 ete
2247 3342 2253 3347 ”

316 3394 576 3436 fabrication
611 3395 691 3437 des
725 3397 985 3450 vaisseaux3
1023 3399 1079 3440 ils
1112 3410 1204 3440 em·
1259 3398 1404 3440 fourra
1433 3409 1494 3440 er.

315 3446 544 3498 ployaient
565 3458 617 3489 ce
643 3445 777 3491 metal
802 3462 970 3492 comme
998 3461 1055 3491 on
1081 3449 1204 3492 l’em-
1314 3448 1360 3482 ⁸8
1431 3449 1596 3498 coisset,
1615 3461 1784 3492 comme
1794 3448 1985 3505 fecerat.

317 3499 433 3548 ploie
458 3510 618 3541 encore
646 3502 829 3554 anjourd
841 3502 933 3555 hui,
961 3500 989 3544 ὸ,
1017 3503 1203 3545 doublet
1312 3500 1359 3534 ⁵⁹
1388 3500 1462 3543 Ex
1494 3500 1578 3549 reli
1610 3503 1695 3554 uis,
1736 3514 1907 3544 comme
1943 3511 1999 3542 ea>
2047 3501 2163 3544 alus.

317 3550 358 3589 la
385 3550 542 3594 carane
570 3552 649 3596 des
674 3555 927 3597 battiments.
960 3555 1049 3596 Les
1076 3555 1201 3597 elom
1259 3555 1343 3596 Ces
1363 3558 1473 3596 mots
1485 3561 1584 3594 sem
1614 3555 1971 3611 leutoiseuxzils
1989 3565 2038 3597 se
2055 3559 2159 3596 nont
