2525 3984
1032 155 1601 251 ΝΑΗΒΑΤιοΝΕε.Γ
2114 165 2225 224 291

386 296 812 361 tabernaculum
827 295 872 331 ⁸¹
908 293 1191 355 deferunt.
1239 296 1340 356 llle
1377 295 1543 355 humi
1584 306 1962 377 prostraverat
2001 319 2232 380 corpuS,

419 378 600 440 emitu
617 370 942 457 ejulatuque
965 373 1277 436 miserabili
1307 382 1425 436 tota
1448 385 1783 457 personante
1807 377 1996 459 regia3
2022 379 2234 441 laniare

382 400 585 519 deinde
623 477 684 518 os
725 455 1038 536 unguibus,
1081 462 1137 517 et
1169 454 1601 516 circumstantes
1636 477 1835 538 rogare
1872 478 1943 518 ne
1982 479 2041 519 se
2079 467 2240 521 tanto

385 536 641 599 dedecori
670 535 1030 616 superstitem
1071 554 1191 596 esse
1230 542 1555 617 paterentur
1599 552 1616 598 ε
1659 535 1721 597 in
1760 537 1862 597 has
1898 557 2092 618 preces
2120 546 2235 618 tota

390 638 494 678 nox
513 623 706 678 exacta
729 623 835 676 est.
869 616 1345 696 Scrutantemque
1366 635 1509 674 num
1533 612 1620 676 ira
1641 615 1882 677 deorum
1906 616 1977 677 ad
2009 626 2239 679 tantum

385 698 539 758 nefas
595 703 755 757 actus
806 702 985 770 esset,
1043 693 1200 755 subit
1212 695 1259 731 ⁴²
1318 693 1769 756 anniversarium
1828 697 2173 759 sacrificium
2191 699 2236 733 '⁴³

387 776 587 837 Libero
629 773 784 835 Patri
829 795 947 835 non
979 794 1098 835 esse
1132 773 1421 835 redditum
1456 781 1664 836 statuto
1702 784 1958 857 tempore
1989 794 2006 838 z
2044 776 2247 858 itaque

384 857 534 918 inter
573 852 775 915 vinum
818 862 876 914 et
912 854 1106 934 epulas
1151 853 1302 915 caede
1349 853 1676 930 commissa,
1725 854 1874 916 iram
1921 855 2012 916 dei
2064 856 2245 917 fuisse·

388 933 767 997 manifestam.
800 934 1066 994 Ceterum
1094 952 1276 1013 magis
1302 953 1366 994 eo
1395 934 1756 1010 movebatur,
1789 935 1941 1016 quod
1973 935 2236 995 omnium

343 1014 350 1019 ’
387 1013 706 1076 amicorum
744 1012 968 1074 animos
1001 1011 1229 1085 videbat
1266 1010 1568 1090 attonitos3
1613 1013 1905 1075 neminem
1944 1036 2078 1075 cum
2115 1015 2247 1095 ipso

387 1093 600 1155 sociare
626 1112 942 1154 sermonem
973 1101 1164 1172 postea
1185 1112 1460 1154 ausurum
1481 1107 1500 1169 3
1529 1091 1836 1154 vivendum
1861 1113 1980 1155 esse
2004 1094 2066 1154 in
2096 1094 2243 1155 soli-

389 1172 585 1235 tudine
604 1174 759 1232 velut
778 1172 909 1232 Ierae
930 1171 1148 1247 bestiae,
1172 1170 1406 1232 terrenti
1430 1170 1565 1233 alias
1570 1217 1590 1248 ,
1613 1171 1750 1234 alias
1770 1173 2019 1235 timenti.
2045 1173 2241 1235 Prima

386 1251 587 1314 deinde
633 1252 756 1312 luce
799 1251 1160 1312 tabernaculo
1207 1270 1412 1332 corpus
1434 1295 1456 1328 ,
1505 1250 1653 1313 sicut
1689 1253 1886 1316 adhuc
1937 1262 2240 1315 cruentum

387 1340 540 1407 erat,
586 1330 755 1412 jussit
810 1329 1044 1408 inferri3
1099 1350 1212 1410 quo
1269 1331 1451 1412 posito
1501 1339 1632 1395 ante
1682 1331 1875 1414 ipsum
1897 1378 1920 1411 ,
1974 1331 2239 1414 lacrymis

389 1409 599 1472 obortis
614 1456 633 1488 ,
670 1433 701 1469 ε(
729 1412 913 1485 Hanc,
937 1409 1147 1490 inquit,
1178 1410 1391 1471 nutrici
1435 1429 1577 1472 meae
1599 1411 1841 1492 gratiam
1863 1413 2056 1488 retuli,
2077 1413 2246 1494 cujus

385 1491 502 1552 duo
529 1489 631 1551 filii
660 1490 811 1572 apud
842 1489 1100 1550 Miletum
1124 1510 1225 1568 pro
1249 1509 1378 1549 mea
1404 1489 1584 1568 gloria
1607 1491 1925 1552 occubuere
1953 1497 2242 1552 mol-tems

392 1569 487 1632 hic
524 1570 722 1647 frater,
763 1569 1004 1630 unicum
1042 1567 1300 1628 orbitatis
1334 1568 1624 1644 solatium,
1660 1589 1694 1629 a
1731 1591 1826 1630 me
1867 1570 2015 1630 inter
2049 1571 2245 1662 epulas

392 1649 609 1711 occisus
636 1652 753 1710 est!
778 1650 905 1722 Quo
927 1668 1080 1708 nunc
1109 1667 1169 1708 se
1197 1648 1448 1708 conseret
1475 1647 1723 1708 misera?
1750 1649 2034 1710 Omnibus
2059 1651 2247 1730 ejus²³'

395 1749 542 1790 unus
565 1748 889 1810 supersum,
912 1748 1083 1809 quem
1112 1728 1300 1787 solum
1329 1726 1508 1808 aequis
1529 1727 1704 1788 oculis
1729 1728 1918 1789 videre
1940 1749 2055 1788 non
2078 1737 2244 1809 pote-

397 1808 492 1868 rit.
552 1810 627 1870 Et
666 1829 769 1889 ego
787 1853 808 1883 ,
855 1814 1208 1868 servatorum
1250 1826 1515 1866 meorum
1532 1808 1577 1843 '⁶⁸
1622 1808 1765 1869 latro
1780 1808 1851 1884 ⁸⁹,
1899 1817 2149 1869 revertar
2185 1807 2251 1867 in·

396 1887 672 1968 patriam,
715 1896 780 1949 ut
818 1908 890 1948 ne
939 1886 1194 1947 dextram
1236 1885 1470 1966 quidem
1509 1885 1759 1963 nutrici,
1801 1887 1923 1948 sine
1967 1885 2245 1948 memoria

397 1966 734 2027 calamitatis
773 1965 895 2046 ejus
925 1967 1125 2026 offerre
1153 1963 1406 2045 possim?
1435 1985 1466 2024 ›>
1510 1966 1583 2025 Et
1615 1987 1796 2048 quum
1823 1964 1954 2028 finis
1981 1966 2246 2046 lacrymis

397 2045 753 2127 querelisque
793 2064 909 2105 non
953 2045 1111 2125 fieret
1127 2088 1147 2118 ,
1174 2044 1348 2133 jussu
1386 2041 1708 2105 amicorum
1747 2067 1952 2126 corpus
1990 2046 2253 2106 ablatum.

396 2131 503 2185 est.
539 2127 659 2185 Rex
683 2124 941 2186 triduum
963 2122 1142 2205 jacuit
1171 2125 1424 2184 inclusus
1464 2141 1480 2184 ε
1558 2144 1691 2184 uem
1718 2135 1784 2186 ut
1809 2124 2079 2206 armigeri
2113 2146 2245 2185 cor-

396 2202 663 2285 porisque
699 2203 956 2267 custodes
993 2202 1062 2264 ad
1105 2202 1468 2265 moriendum
1497 2222 1529 2262 o
1573 2202 1848 2264 stinatum
1877 2225 1996 2265 esse
2032 2225 2238 2285 cogno·
2305 2273 2311 2280 ,

399 2291 640 2359 verunt,
670 2281 912 2343 universi
941 2281 998 2342 in
1026 2282 1458 2342 tabernaculum
1481 2279 1846 2362 irrumpunt,
1873 2283 2085 2364 diuque
2113 2304 2251 2363 pre-

401 2362 562 2423 cibus
596 2383 795 2424 eorum
825 2364 1165 2422 reluctatum
1196 2380 1347 2441 segre
1378 2358 1637 2421 vicerunt
1664 2371 1728 2422 ut
1755 2362 1950 2422 cibum
1987 2373 2210 2442 caperet
2226 2379 2261 2438 ;·.

401 2461 630 2521 quoque
666 2442 858 2501 minus
894 2440 1062 2501 caedis
1097 2438 1366 2520 puderet,
1399 2439 1530 2519 jure
1568 2439 1932 2502 interfectum
1946 2442 1992 2478 ⁸⁷
2033 2441 2259 2502 Clitum

405 2519 733 2580 Macedones
754 2519 1097 2594 decernunt,
1120 2520 1410 2599 sepultura
1431 2539 1654 2607 quoque
1676 2520 2048 2601 prohibituri,
2071 2519 2137 2583 ni'
2155 2540 2257 2583 rex

406 2598 635 2660 humari
654 2599 928 2679 jussisset.
951 2600 1172 2679 (Qumr.
1198 2599 1399 2674 Cum„
1425 2599 1526 2658 hb.
1551 2619 1671 2675 vm,
1690 2619 1819 2681 cap.
1844 2604 1975 2677 1‚2.)

460 2786 503 2821 Η
532 2787 593 2830 In
626 2786 975 2831 tabernaculum.
1005 2786 1078 2830 On
1100 2784 1301 2829 s'etonne
1408 2783 1455 2819 *Β
1487 2785 1697 2830 Omnibus
1710 2800 1821 2842 ejus,
1845 2789 1902 2831 de
1919 2792 2017 2830 tous
2031 2789 2098 2831 les
2113 2790 2249 2831 siens.

409 2841 467 2883 de
500 2842 596 2885 voir
633 2841 950 2893 qu'Alexandre
994 2845 1064 2882 est
1090 2837 1302 2891 *appot-te
1407 2836 1454 2870 *ὅ
1482 2839 1775 2884 Ser-vatorum
1792 2854 1996 2886 meorum,
2021 2854 2131 2895 pour
2154 2853 2260 2884 serv

410 2893 525 2936 dans
542 2905 592 2935 sa
609 2899 733 2934 tent-e
754 2905 763 2933 :
783 2894 826 2935 le
841 2896 1023 2934 vna-‚nme
1033 2893 1088 2933 de
1117 2891 1259 2934 Clitus
1276 2903 1306 2933 a
1353 2892 1525 2935 vatoris
1543 2895 1639 2936 mei.
1662 2894 1939 2936 Hellenisme
1957 2907 2120 2938 connu.

415 2945 508 2988 lieu
523 2946 636 2987 dans
652 2945 695 2986 le
713 2946 852 2997 paleis
878 2949 934 2986 de
960 2945 1228 2989 Samarcand
1245 2943 1306 2986 ou
1411 2943 1456 2976 *Β
1484 2945 1644 2996 Latro,
1659 2948 1931 2989 interfector.
1952 2947 2106 2998 Latro,
2126 2949 2252 3001 quasi

418 2996 666 3040 Alexandre
683 2996 791 3038 etait
807 2997 920 3050 loge.
1360 2995 1523 3050 latero,
1573 3001 1646 3042 uia
1668 3013 1697 3040 a
1725 2999 1868 3042 laten
1891 3001 2101 3052 adoritur,
2126 3002 2262 3042 selon⁴

473 3047 520 3082 δ’
548 3048 692 3099 Subit,
722 3062 743 3085 ‹
762 3052 792 3091 il
817 3052 878 3091 lui
895 3052 1018 3093 vient
1035 3049 1064 3094 a
1079 3050 1259 3104 l'esprit·
1280 3063 1303 3087 ι
1358 3049 1530 3094 Festus.
1595 3065 1621 3093 n
1644 3060 1750 3105 peut
1767 3055 1884 3095 aussi
1905 3055 2012 3095 faire
2039 3056 2162 3096 venir
2180 3052 2239 3094 la-

469 3100 516 3135 *3
570 3101 941 3146 Anniversmrium
1020 3104 1303 3152 sacrificium.
1362 3104 1437 3145 tro
1470 3105 1527 3146 de
1558 3103 1685 3152 lateo,
1719 3103 1749 3147 ὰ
1779 3104 1975 3155 latendo,
2010 3118 2138 3158 parce
2168 3116 2265 3159 que‘

416 3154 544 3198 Voici
562 3154 591 3198 ὲ,
611 3168 662 3198 ce
681 3158 795 3209 sujet
814 3157 879 3199 les
908 3159 1080 3210 pai-oles
1108 3157 1306 3199 d‘Arrien
1357 3156 1425 3198 les
1444 3157 1509 3198 bri
1542 3158 1654 3200 ands
1671 3164 1903 3211 attaquent
1917 3159 1986 3200 tes
2005 3169 2246 3211 vovugeurs

417 3205 495 3260 (xv,
536 3209 577 3258 9,
611 3211 683 3260 2):
722 3221 743 3244 ‹
774 3210 834 3251 La
873 3210 960 3253 sete
993 3212 1048 3252 de
1084 3209 1310 3264 Dionysos
1361 3221 1416 3251 ea:
1434 3171 1627 3252 tamin—is.

414 3259 527 3305 etait
539 3261 790 3304 solennisee
806 3265 961 3315 parles
975 3263 1309 3312 Macedonis-ns,
1414 3260 1459 3295 ¹⁰⁷
1486 3262 1604 3305 Jure
1630 3261 1929 3320 intersectum.
1961 3264 1996 3305 11
2024 3275 2054 3315 y
2080 3275 2121 3313 a,
2151 3261 2178 3304 ὰ
2202 3273 2249 3304 ce

418 3319 470 3357 et
495 3315 664 3369 chaque
701 3328 861 3361 annee.
891 3318 933 3360 le
959 3319 1062 3369 jour
1094 3317 1152 3358 de
1188 3322 1311 3358 cette
1360 3317 1492 3368 sujet,
1513 3316 1624 3358 dans
1641 3316 1793 3358 Arrien
1817 3316 1894 3367 (iv,
1913 3317 1953 3368 9)
1975 3328 2032 3358 uu
2057 3316 2251 3357 discours

418 3365 522 3417 tete.
541 3366 792 3411 Alexandra
820 3371 964 3412 faisait
981 3382 1038 3411 un
1064 3370 1262 3411 sacrifice
1285 3368 1313 3410 a.
1363 3369 1462 3410 d'un
1481 3370 1648 3411 certain
1668 3370 1938 3422 Anaxarque.
1962 3370 2035 3421 qui
2056 3367 2264 3420 rappene

418 3417 641 3476 Dionysos
656 3430 674 3466 .“
737 3423 847 3463 mais
878 3430 995 3464 cette
1030 3421 1243 3464 annee-la
1277 3421 1310 3462 il
1360 3422 1404 3463 le
1423 3422 1620 3464 discours
1639 3424 1695 3463 du
1724 3423 1880 3464 renard
1914 3422 2024 3462 dans
2052 3418 2115 3460 les
2144 3419 2263 3461 Ani·

419 3475 536 3525 *vait
558 3472 734 3527 neglige
757 3475 812 3516 de
838 3475 1034 3518 celebrer
1063 3475 1107 3517 la
1133 3475 1221 3518 sete
1249 3475 1306 3516 de
1362 3485 1497 3514 mauae
1509 3473 1705 3516 malades
1731 3474 1782 3515 de
1811 3473 1855 3515 la
1878 3477 1998 3527 peste
2020 3485 2029 3512 :
2050 3485 2071 3506 ι
2095 3469 2166 3514 On
2186 3484 2266 3515 re·-

418 3534 472 3567 ω
499 3527 616 3577 dien,
659 3534 705 3568 et
734 3528 763 3568 il
793 3539 824 3579 y
850 3530 968 3570 avait
996 3527 1214 3571 substitue¹
1244 3539 1305 3570 un
1363 3527 1586 3580 presente,
1606 3528 1806 3576 disait-ss,
1826 3528 1869 3568 la
1893 3525 2060 3567 Justlce
2085 3536 2254 3569 comme

420 3578 615 3622 umifico
632 3591 715 3624 aux
734 3578 977 3624 Dion-ures.
997 3596 1021 3622 ›
1363 3582 1502 3623 assise
1519 3591 1602 3622 aux
1618 3578 1740 3622 cotes
1759 3579 1815 3621 de
1832 3577 2017 3630 Jupiter,
2027 3589 2158 3629 parce
2167 3589 2270 3632 qno*
