2525 3984
952 196 1507 256 NARRATIONES.
1711 240 1715 244 »
2127 203 2161 258 Ἱ

312 326 460 385 Eum
489 323 760 385 Arionem
796 338 894 381 rex
945 320 1201 382 Corinthi
1224 323 1540 380 Periander
1559 321 1581 355 ²
1610 326 1859 383 amicum
1883 331 2165 384 amatum-

309 405 456 484 que⁸
485 402 686 464 habuit
713 402 849 463 artis
878 400 1078 482 gratia.
1113 404 1166 462 ls
1193 399 1327 462 inde
1354 421 1389 461 a
1414 421 1545 481 rege
1566 400 1965 491 proficiscitur,
1978 410 2165 481 ¹terras

311 482 545 564 inclytas
566 481 822 543 Siciliam
843 491 1012 562 atque
1035 480 1258 541 Italiam
1274 481 1475 542 visere.
1495 480 1597 541 Ubi
1616 500 1681 541 eo
1695 479 1872 557 venit,
1889 501 2164 569 auresque

308 562 570 623 omnium
607 571 938 642 mentesque
973 560 1035 619 in
1062 559 1362 641 utriusque
1396 568 1559 621 terrae
1588 558 1825 621 urbibus
1853 559 2122 621 demulsit
2138 577 2158 639 3

310 641 366 700 in
391 641 704 723 quaestibus
719 639 848 702 istic
869 649 924 701 et
942 639 1328 780 voluptatibus
1341 640 1471 701 fuit.
1501 642 1554 700 Is
1580 647 1705 700 tum
1768 646 1942 730 ostea,
1963 637 2160 721 grandi

309 719 548 801 pecunia
580 729 638 782 et
677 741 740 782 re
778 719 930 782 bona
970 729 1153 781 muta
1194 719 1453 800 copiosus
1470 764 1492 796 ,
1543 719 1739 781 Corint
1781 740 1882 780 um
1919 718 2164 782 instituit

308 800 490 861 redire
546 800 761 861 Navem
788 799 806 859 i
850 799 966 860 itur
992 807 1047 860 et
1074 799 1326 874 navitas,
1355 806 1419 859 ut
1446 798 1694 860 notiores
1720 798 2159 880 amicioresque,

304 879 413 940 sibi
445 879 770 941 Corinthios
842 878 1030 960 elegit.
1076 877 1184 940 Sed
1212 899 1279 940 eo
1315 878 1639 940 Corinthios
1667 886 1902 941 narrant
1927 878 2159 941 homine

305 979 437 1021 acce
479 966 535 1020 to
553 1005 573 1035 ,
617 958 859 1040 navique
899 958 960 1019 in
1002 959 1182 1019 altum
1215 966 1482 1039 provecta
1496 1001 1518 1035 ‚
1594 958 1758 1020 raedae
1795 959 2158 1042 pecuniaeque

304 980 542 1128 cupigos
581 1036 795 1130 cepisse
826 1037 1127 1099 consilium
1156 1036 1225 1099 de
1252 1037 1505 1099 necando
1593 1039 1772 1100 rione.
1814 1041 1860 1099 T
1864 1060 1962 1100 um
1993 1039 2160 1100 illum

302 1116 426 1194 ibi,
455 1117 705 1199 pernicie
733 1117 1053 1193 intellecta,
1092 1117 1399 1198 pecuniam
1426 1125 1720 1200 ceteraque
1756 1139 1858 1180 sua
1884 1127 1948 1179 ut
1976 1117 2161 1180 habe—

303 1205 434 1258 rent
480 1196 698 1259 dedisse
713 1213 746 1277 31
777 1197 953 1258 vitam
971 1242 991 1272 ,
1048 1197 1218 1258 modo
1262 1195 1367 1259 sibi
1404 1206 1470 1258 ut
1497 1206 1828 1289 parcerent,
1866 1197 2108 1260 oravisse
2139 1216 2157 1263 ε

302 1276 522 1338 navitas
549 1297 786 1358 precum
812 1277 934 1358 ejus
966 1278 1176 1338 harum
1204 1275 1658 1338 commiseritum
1684 1297 1802 1340 esse
1829 1276 2122 1339 illactenus
2138 1278 2161 1315 ⁸

304 1363 369 1416 ut
398 1355 450 1417 ei
478 1376 676 1418 necem
704 1358 904 1419 afferre
925 1377 1027 1437 per
1039 1356 1158 1416 vim
1186 1356 1304 1418 suis
1326 1357 1591 1418 manibus
1618 1365 2037 1438 temperarent3
2061 1357 2157 1419 sed

303 1434 670 1516 imperavisse
689 1445 754 1498 ut
776 1437 899 1518 jam
920 1435 1112 1498 statim
1135 1456 1327 1497 coram
1350 1435 1599 1497 desiliret
1618 1456 1865 1518 praeceps
1886 1435 1946 1496 in
1974 1456 2154 1498 mare.

306 1516 494 1575 Homo
522 1514 603 1576 ibi
632 1517 888 1592 territus,
919 1535 1019 1597 spe
1044 1513 1201 1577 omni
1229 1515 1359 1577 vitm
1388 1515 1640 1596 perdita,
1675 1515 1733 1575 id
1762 1536 1945 1576 unum
1967 1524 2159 1597 postea

306 1594 512 1670 oravit,
540 1603 629 1671 ut,
658 1595 817 1686 prius
846 1614 1021 1676 quam
1041 1603 1287 1655 mortem
1315 1603 1626 1674 oppeteret,
1655 1594 1890 1655 induere
1909 1595 2158 1675 permit-

306 1679 492 1734 terent
511 1693 615 1735 sua
635 1670 740 1734 Sibi
772 1672 968 1736 omnia
987 1672 1349 1747 indumenta,
1377 1681 1433 1733 et
1461 1673 1600 1734 sides
1621 1693 1845 1755 capere,
1875 1682 1931 1734 et
1958 1693 2157 1737 canere

307 1771 544 1814 carmen
567 1772 728 1815 casus
748 1751 902 1813 illius
929 1751 1015 1812 sui
1047 1750 1407 1813 consolabile.

384 1834 555 1894 Feros
584 1840 641 1894 et
673 1831 955 1893 immanes
995 1830 1211 1892 navitas
1246 1831 1578 1912 prolubium
1599 1833 1621 1867 ⁸
1664 1839 1856 1893 tamen
1891 1832 2155 1893 audiendi

303 1909 478 1971 subit.
511 1911 677 1984 Quod
711 1919 1002 1988 oraverat,
1039 1910 1328 1992 impetrat.
1373 1913 1559 1994 Atque
1599 1910 1678 1972 ibi
1722 1931 1854 1972 mox
1888 1910 1957 1973 de
1997 1932 2158 1973 more

303 1989 548 2066 cinctus,
569 1990 835 2068 amictus„
859 1999 1113 2066 ornatus,
1134 1999 1401 2072 stansque
1427 1988 1487 2051 in
1516 2010 1756 2052 summae
1785 1990 1991 2072 puppis
2006 1993 2154 2070 soro,

301 2088 562 2145 carmen,
584 2070 734 2151 quod
761 2070 1051 2132 orthium⁶
1073 2068 1308 2146 dicitur,
1327 2090 1464 2132 voce
1490 2069 1871 2132 sublatissima
1884 2070 2151 2133 cantavit.

299 2146 388 2208 Ad
423 2156 711 2229 postrema
737 2157 933 2212 cantus
945 2194 967 2225 ,
1003 2169 1136 2210 cum
1171 2148 1380 2210 fidibus
1420 2158 1734 2232 ornatuque
1769 2149 1965 2226 omni,
2008 2150 2155 2213 sicut

302 2226 487 2288 stabat
506 2228 877 2310 canebatque,
901 2229 1039 2319 jecit
1059 2249 1178 2289 sese
1203 2230 1398 2309 procul
1429 2228 1490 2290 in
1512 2223 1883 2310 profundum.
1911 2229 2150 2307 Navitoe,

301 2305 742 2389 haudquaquam
788 2308 1110 2370 dubitantes
1151 2307 1292 2388 quin
1333 2308 1602 2390 perisset,
1658 2329 1891 2370 cursum
1908 2353 1929 2385 ,
1979 2329 2151 2401 quem

300 2385 484 2447 facere
503 2398 814 2468 coeperant,
836 2394 1162 2449 tenuerunt.
1188 2386 1299 2448 Sed
1319 2408 1532 2450 novum
1552 2396 1607 2450 et
1629 2387 1846 2448 mirum
1866 2395 1924 2449 et
1950 2409 2111 2469 pium
2128 2390 2151 2426 ⁷

301 2463 520 2525 facinus
547 2465 783 2547 contigit
814 2484 831 2528 ε
862 2464 1198 2546 delphinum
1226 2473 1455 2560 repente
1483 2467 1634 2528 inter
1659 2465 1839 2528 undas
1861 2467 2151 2530 adnavisse

304 2542 661 2628 fluitantique
694 2565 812 2607 sese
839 2545 1061 2607 homini
1092 2545 1429 2623 subdidisse,
1458 2555 1516 2608 et
1548 2545 1714 2607 dorso
1742 2566 1911 2627 super
1943 2547 2150 2609 fluctus

300 2621 451 2683 edito
470 2623 809 2703 vectavisse3
838 2623 1113 2687 incolumi
1195 2644 1226 2685 e
1246 2644 1381 2686 euni
1403 2645 1637 2707 corpore
1651 2635 1707 2686 et
1733 2632 1939 2685 ornatu
1952 2626 2151 2688 Taena·

304 2721 433 2761 rum
448 2703 471 2740 ⁸
497 2702 792 2766 interram
807 2703 1113 2767 Laconiam
1173 2704 1440 2765 evexisse.
1459 2706 1611 2764 Tum
1626 2702 1897 2764 Arionem
1918 2719 2163 2786 prorsus

353 2896 375 2928 ²
399 2895 678 2959 Rev-lauder,
700 2899 1031 2953 ‹Periandren
1049 2900 1121 2943 ms
1139 2901 1196 2942 de
1249 2900 1386 2944 ebant
1416 2914 1474 2945 ou
1497 2890 1560 2946 ui'i
1590 2902 1658 2946 air
1683 2903 1884 2957 assujetti
1900 2901 1930 2948 a
1947 2905 2146 2948 certain·

300 2948 530 3035 Cysssselut‘»
544 2964 605 2996 un
619 2954 700 2996 des
711 2954 740 2995 ’1
757 2965 886 3007 sagea
901 2955 958 2997 de
975 2954 1019 2996 la
1034 2951 1193 3015 Qrece.
1248 2954 1479 2999 hannonie
1496 2959 1544 2999 et
1557 2954 1585 2999 ὰ
1601 2957 1799 3000 certaiiie
1815 2957 2008 3000 cadence
2026 2969 2145 3001 com·

402 3004 612 3047 Amicum
630 3009 918 3070 amatumque
933 3003 1112 3071 babuit,
1130 3007 1196 3049 <11
1248 3019 1320 3050 me
1340 3006 1367 3050 a
1383 3020 1471 3051 une
1487 3014 1607 3073 soi-te
1625 3010 1683 3052 de
1700 3007 1761 3053 loi
1778 3010 1882 3064 qu'il
1893 3008 2049 3052 n'etait
2064 3022 2144 3072 pas

299 3055 684 3155 fflv‘i'ffiffiffi‘
701 3060 852 3102 ”m
871 3071 948 3153 ‘¹¹²³
970 3058 1196 3112 ‘mmm
1247 3060 2142 3158 Effiz‘li'ssss'c‘ffi'l‘ffiffffimfflss'ssm

297 3121 375 3194 qub
401 3159 661 3206 Illactenm
687 3174 801 3220 pour
823 3161 1064 3210 hactenus.
1083 3163 1124 3208 n
1145 3176 1194 3208 se
1246 3168 1333 3209 tait
1342 3167 1416 3221 Jus
1447 3166 1517 3210 u'a
1546 3173 1646 3220 sept
1672 3147 1868 3222 espec’es.
1901 3127 2144 3221 (Ecum-rii.

299 3218 534 3259 reni-entre
556 3216 669 3260 dans
689 3228 743 3261 ce
765 3229 970 3282 moi-ceau
986 3218 1095 3262 'bien
1114 3218 1196 3261 des
1246 3217 1385 3264 Μόνη.
1485 3217 1660 3264 l'Acad.
1683 3219 1762 3263 des
1775 3219 1946 3273 Inter„
1969 3198 2140 3270 t.v111.5

299 3269 760 3376 ἓξξῖἒῗὲἓῗοέῗέἓ,
777 3270 1194 3367 ὲὛέιξι-.““Ῥ““
1247 3271 1591 3379 ἓξᾷἓῖἕέᾞὲ
1606 3271 2139 3369 ’Ξιαῗιωιωῗεὲἒὲῗιὶή“·

353 3372 658 3430 ‘Pratum-r»,
674 3392 698 3416 ι
713 3379 1056 3433 fantaisie»‚est
1072 3378 1129 3422 dc
1143 3388 1194 3420 ce
1300 3378 1322 3412 '1
1352 3377 1501 3431 Pium,
1529 3391 1553 3417 ‹
1570 3383 1770 3432 auguste,
1799 3380 1874 3433 qui
1894 3354 2065 3430 inspira
2085 3376 2142 3420 do

300 3437 597 3525 &vg-amen
636 3478 835 3546 cythium
916 3493 940 3519 ‹
969 3481 1015 3525 le
1063 3482 1194 3524 mode
1246 3431 1293 3473 Ia
1302 3429 1612 3548 ἒίῗξῖιιῖναηι,
1650 3496 1673 3522 «
1695 3485 1740 3527 le
1774 3495 1856 3537 cap
1887 3478 2085 3523 Tenare.
2114 3489 2138 3537 q

300 3544 360 3573 ou
387 3543 520 3576 nome
562 3534 751 3598 ortbien.
769 3552 793 3577 i»
834 3513 923 3579 I'ies
956 3534 1193 3578 musiciens
1248 3540 1546 3589 promontoire
1565 3537 1622 3579 de
1639 3536 1850 3587 Laconie,
1869 3526 2138 3581 aulourd'hffl

301 3597 427 3638 grec·
455 3587 711 3640 appelaient
737 3600 863 3632 nome
898 3587 1081 3648 (νόμος)
1134 3598 1192 3627 un
1248 3601 1329 3641 cap
1354 3589 1579 3642 Matapan-
