2525 3984
1038 192 1085 250 Ν
1089 190 1472 251 ARRATION
1480 193 1587 250 ES.
2116 195 2224 255 301

399 326 590 388 abacta
608 344 750 400 esse,
787 322 1038 386 semivivi
1062 320 1333 414 [hominis
1352 323 1396 360 ¹¹¹
1424 321 1705 403 gemitum
1734 327 2011 404 percepit.
2043 326 2238 403 ltaque

399 424 556 465 more
593 402 653 464 in
691 402 803 464 enii
846 403 1081 465 humani
1131 400 1372 483 cupidus
1407 401 1648 478 visendi,
1684 400 1822 485 quid
1856 403 1940 464 rei
1985 402 2237 463 vehiculo

399 483 502 545 isto
531 504 637 544 con
676 491 887 558 eretur,
910 482 1140 543 dimotis
1161 481 1402 562 pellibus
1423 484 1491 558 ¹⁸,
1530 481 1739 564 quibus
1767 481 2056 543 obtectum
2093 488 2237 555 erat,

400 562 635 624 Darium
667 561 864 623 multis
883 561 1213 624 vulneribus
1232 563 1555 622 confossum
1582 560 1790 640 reperit
1816 580 1833 622 z
1863 561 2050 642 regius
2081 560 2237 621 enim

399 644 583 703 cultus
598 643 667 719 ¹⁹,
696 656 752 703 et
778 661 961 703 aureae
983 648 1190 703 catenae
1195 686 1216 717 ,
1213 640 1399 781 θυρὶς
1420 661 1453 702 a
1473 639 1770 721 parricidis
1788 639 2008 701 vinctus
2028 642 2235 716 suerat,

396 720 806 782 dubitationem
843 720 1209 782 eximebant..
1266 741 1341 781 on
1375 728 1494 781 erat
1531 740 1725 800 expers
1760 720 1926 800 graeci
1962 718 2250 781 sermonis<

396 799 624 877 Darius,
649 800 966 881 gratiasque
989 799 1187 882 agebat
1213 799 1346 876 diis,
1369 798 1466 881 qui
1490 808 1615 880 post
1634 806 1794 861 tanta
1813 800 1983 873 mala,
2006 807 2238 880 tamque

398 880 611 955 omia,
633 882 740 941 hoc
771 888 959 941 tamen
985 879 1349 944 indulsissent
1368 879 1573 955 solatii,
1603 898 1674 939 ne
1701 877 1934 939 omnino
1957 877 2013 938 in
2035 879 2243 939 solitu-

395 925 528 1019 dine
561 965 881 1021 extremum
906 958 1173 1040 spiritum
1203 959 1536 1020 effunderet.
1570 960 1655 1019 lta
1693 978 1764 1018 ue
1778 1001 1799 1033 ‚
1829 979 1860 1017 (ι
1884 958 1990 1034 Te,
2020 957 2236 1039 inquit,

396 1036 651 1118 quisquis
678 1059 737 1100 es
772 1038 1125 1121 mortalium,
1154 1058 1256 1119 per
1288 979 1979 1100 communem‘lmminum
2002 1047 2239 1113 sortem,

340 1177 343 1180 ,
397 1136 430 1176 a
543 1137 577 1178 a
604 1137 708 1179 nec
735 1118 1011 1181 maximos
1040 1138 1242 1200 regum
1277 1138 1437 1179 exem
1479 1125 1563 1180 tos
1589 1136 1709 1179 esse
1732 1116 1991 1198 praesenti
2015 1124 2242 1198 specta-

396 1215 467 1256 cu
490 1197 827 1278 omoneriS,
845 1218 982 1280 rogo
1001 1217 1325 1281 quaesoque,
1348 1206 1414 1258 ut
1474 1218 1553 1260 aec
1573 1197 1645 1259 ad
1667 1196 2053 1259 Alexandrum
2079 1212 2244 1257 man-

393 1274 521 1336 data
547 1296 677 1339 mea
703 1279 987 1358 perseras3
1009 1278 1154 1340 nihil
1174 1298 1399 1354 eorum,
1428 1299 1557 1360 quae
1576 1278 1740 1359 longe
1765 1276 2092 1338 tristissima
2116 1296 2243 1357 per-

394 1374 587 1435 pessus
625 1377 780 1433 sum,
829 1378 901 1418 ne
938 1359 1094 1418 hunc
1181 1356 1375 1419 uidem
1415 1356 1874 1439 incomparabilis
1908 1355 2241 1418 calamitatis

392 1433 642 1511 exitum,
680 1435 770 1496 -ita
812 1456 1040 1516 gravem
1078 1437 1160 1496 mi
1204 1436 1223 1496 i
1255 1436 1522 1498 accidisse
1541 1480 1563 1512 ,
1590 1444 1655 1497 ut
1681 1438 1789 1497 hoc
1826 1457 2011 1496 unum
2027 1481 2049 1513 ,
2089 1435 2240 1517 quod

394 1521 520 1593 post
543 1520 701 1576 tanta
720 1513 783 1574 in
810 1534 902 1575 me
930 1531 1194 1594 meosque
1222 1513 1427 1575 merita
1445 1514 1711 1574 adversus
1732 1513 2240 1576 clementissimum

396 1590 665 1654 victorem
692 1590 928 1655 inimico
953 1592 1259 1653 vivendum
1287 1592 1397 1653 fuit
1412 1636 1434 1668 ‚
1463 1599 1519 1654 et
1554 1612 1707 1653 nunc
1733 1590 1955 1673 ingrato
1984 1591 2243 1653 morien-
2270 1620 2279 1630 ·

393 1671 536 1732 dum
556 1681 661 1734 est.
692 1672 802 1734 Sed
826 1670 873 1733 si
901 1692 1014 1753 qua
1046 1669 1347 1752 postremis
1378 1671 1721 1733 miserorum
1752 1670 1897 1732 votis
1924 1671 2074 1752 apud
2109 1670 2239 1731 deos

393 1751 477 1811 vis
499 1758 583 1812 est
599 1798 620 1828 ,
641 1758 698 1813 et
717 1771 853 1814 cum
872 1750 995 1832 ipso
1014 1749 1218 1832 spiritu
1232 1752 1488 1832 profusas
1506 1772 1699 1833 preces
1715 1751 1763 1788 ²⁰
1790 1748 1987 1816 mitius
2015 1749 2239 1831 aliquod

396 1850 613 1891 numen
641 1829 866 1893 exaudit
887 1876 908 1908 ,
932 1830 1027 1893 ille
1055 1830 1291 1914 quidem
1313 1851 1500 1911 sospes
1519 1838 1577 1892 et
1610 1829 1939 1906 incolumiS,
1967 1831 2242 1910 longeque

395 1930 567 1992 supra
609 1909 934 2002 contagium
962 1930 1106 1973 meae
1141 1910 1308 1972 sortis
1347 1917 1404 1971 et
1432 1909 1707 1971 invidiam
1733 1910 1975 1971 fortunae
2003 1909 2250 1990 positus,

395 1987 454 2047 in
504 1988 642 2050 solio
687 1992 820 2071 Cyn
863 1990 1165 2070 gloriosam
1198 1996 1423 2051 aetatem
1460 1988 1645 2071 exigat
1687 2007 1704 2051 ε
1749 2009 1978 2070 suaeque
2018 1986 2243 2048 virtutis

398 2086 621 2129 memor
635 2114 657 2145 ,
699 2089 833 2129 eum
872 2069 1042 2131 matri
1077 2067 1379 2150 liberisque
1413 2067 1556 2131 meis
1597 2069 1787 2130 locum
1836 2068 1985 2149 apud
2027 2088 2085 2129 se
2125 2086 2246 2127 esse

435 2146 667 2224 atiatur,
697 2168 870 2230 quem
894 2147 977 2209 illi
1011 2148 1123 2209 fide
1148 2156 1206 2209 et
1227 2148 1495 2230 obsequio
1525 2147 1860 2209 meruerint.
1898 2147 1973 2207 At
2000 2144 2247 2228 parrici-

394 2168 492 2287 ἕεις
507 2237 849 2318 promptum
881 2226 1117 2289 exitium
1142 2235 1548 2310 consequatur,
1578 2227 1729 2309 quod
1752 2225 2065 2289 Alexander
2092 2225 2246 2286 irro—

394 2305 549 2386 gabit
565 2352 586 2384 ,
608 2306 656 2369 si
685 2328 802 2369 non
828 2305 1215 2369 misericordia
1241 2306 1480 2369 infelicis
1500 2307 1703 2383 hostis,
1725 2309 1923 2368 saltem
1944 2305 2072 2367 odio
2099 2305 2246 2365 faci-

395 2404 629 2463 norum,
649 2396 706 2449 et
734 2409 806 2448 ne
829 2386 1116 2468 impunita
1149 2409 1210 2448 ln
1231 2387 1477 2449 aliorum
1506 2387 1681 2448 etiam
1707 2390 1931 2467 regum,
1962 2403 2244 2464 suumque

396 2462 574 2544 ipsius
604 2465 843 2525 exitium
868 2470 1252 2546 erumpant¹¹.
1284 2489 1314 2527 n
1344 2468 1479 2527 Post
1498 2468 1645 2541 haec,
1673 2486 1857 2548 quum
1879 2462 1972 2524 siti
2003 2482 2247 2543 angere-

399 2551 531 2620 tur,
566 2546 734 2605 allata
764 2564 865 2625 per
900 2547 1284 2626 Polystratum
1315 2566 1463 2627 aqua
1498 2553 1780 2607 recreatus
1798 2587 1820 2619 ,
1851 2564 1883 2603 c<
1914 2544 2091 2621 Ergo,
2128 2540 2244 2616 ait,

302 2675 307 2678 .
396 2622 544 2684 hanc
582 2623 755 2686 etiam
797 2625 964 2686 tantis
993 2624 1408 2688 calamitatibus
1445 2632 1757 2728 extremam
1782 2620 2044 2684 accedere
2069 2639 2255 2699 opor-

453 2805 495 2841 17
528 2806 748 2849 Hominis.
775 2806 812 2849 A
841 2808 980 2859 partit
1009 2809 1065 2850 de
1098 2819 1150 2850 ce
1185 2812 1296 2862 mot,
1355 2803 1483 2859 (voy.
1521 2805 1703 2849 Martia]
1768 2791 1853 2858 Epi
1911 2834 1921 2844 .
1953 2812 2019 2855 11,
2051 2803 2122 2856 99,
2161 2802 2243 2857 11.)

399 2864 495 2903 tout
509 2861 554 2904 le
572 2864 692 2903 reste
711 2861 767 2902 de
791 2860 836 2901 la
853 2861 1081 2903 narration
1105 2864 1174 2902 est
1205 2872 1297 2902 em·
1405 2858 1450 2893 1⁹
1468 2858 1639 2913 Βορέας
1655 2835 1814 2901 cultus.
1880 2858 1946 2902 oir
1956 2857 2003 2899 la
2018 2857 2246 2899 nai-ration

399 2912 555 2968 pruute'
578 2925 635 2955 au
653 2912 933 2965 supplement
964 2913 1021 2954 de
1057 2907 1296 2955 Freinshe-
1348 2910 1543 2976 Marc-he
1557 2923 1794 2968 pompeuse
1808 2908 1863 2952 de
1880 2909 2068 2963 Darius,
2087 2922 2131 2963 p.
2151 2909 2242 2952 109.

397 2968 525 3008 mins.
563 2964 686 3008 Nous
721 2963 903 3007 n'avons
947 2976 1028 3018 pas
1074 2963 1218 3007 hesite
1268 2964 1297 3008 ὲ,
1395 2961 1449 2998 '²⁰
1479 2964 1589 3007 Cum
1607 2965 1703 3019 ipso
1729 2962 1895 3019 spiritu
1913 2976 2002 3022 pro
2025 2975 2128 3005 usas
2143 2973 2248 3018 pre-

397 3016 573 3072 joindre
591 3030 648 3060 au
656 3022 776 3060 texte
789 3018 844 3059 de
858 3017 1042 3060 l'auteur
1049 3018 1296 3062 l'heureuse
1348 3028 1434 3064 ces,
1453 3017 1483 3060 li
1490 3016 1784 3070 tteralement,
1805 3029 1832 3055 ‹
1843 3018 1911 3060 les
1928 3019 1995 3071 pri
2023 3027 2097 3060 res
2114 3015 2245 3070 qu'on

404 3071 600 3113 addition
622 3071 681 3112 du
700 3074 856 3113 suvant
889 3072 1140 3123 professeur
1204 3071 1299 3125 Up-
1350 3071 1506 3114 exhalo
1525 3083 1631 3115 avec
1660 3072 1705 3114 le
1740 3072 1919 3114 dernier
1949 3072 2114 3125 soupir,
2135 3083 2156 3106 2
2177 3069 2248 3111 les

404 3124 483 3185 sal,
500 3135 560 3165 ne
582 3121 719 3166 fut-ce
745 3135 828 3177 que
858 3136 970 3177 pour
1003 3124 1176 3167 donner
1206 3137 1298 3168 une
1350 3124 1548 3166 derniers
1568 3134 1698 3169 voeux
1718 3123 1819 3166 d'un
1838 3129 2055 3166 mour-ant.

402 3177 501 3219 idee
520 3177 578 3219 de
594 3176 692 3218 l’art
708 3177 1010 3230 remarquable
1027 3189 1134 3221 avec
1145 3179 1305 3231 lequel·
1405 3175 1448 3209 ²¹
1478 3175 1543 3220 Et
1574 3189 1628 3219 ne
1663 3177 1672 3187 '
1746 3177 1875 3218 unita
1878 3207 1960 3220 .....
1996 3182 2247 3228 erumpam.

401 3230 439 3272 il
450 3230 654 3281 parvient
670 3228 699 3271 a
715 3231 888 3272 teindre
907 3242 958 3273 sa
979 3231 1145 3273 diction
1165 3232 1222 3275 de
1251 3231 1299 3275 la
1350 3226 1534 3273 Ciceron
1550 3241 1598 3273 se
1613 3190 1769 3273 seme
1783 3235 1900 3272 cette
1912 3228 2053 3272 meme
2069 3236 2233 3278 expres-

402 3281 580 3325 couleur
593 3282 650 3324 de
667 3281 1007 3334 Quinte-Uurce.
1168 3310 1173 3315 -
1349 3284 1448 3325 sion
1466 3284 1578 3325 dane
1590 3295 1680 3325 une
1694 3283 1825 3326 lettre
1844 3281 2048 3326 &Atticus
2062 3293 2072 3322 ε
2084 3278 2248 3319 «Nunc

456 3332 501 3369 ¹⁸
527 3333 741 3390 Pellibus,
775 3337 855 3380 ‹le
873 3337 1029 3380 rideau
1046 3339 1103 3379 de
1121 3336 1218 3379 cuir
1238 3336 1297 3379 de
1349 3337 1535 3390 repente
1567 3337 1695 3378 tanto
1728 3334 1827 3377 odio
1858 3338 1922 3377 eet
1953 3330 2153 3375 omnibus
2194 3333 2248 3373 ut

401 3387 661 3449 layoiture.
686 3404 708 3427 ι
744 3388 895 3432 Detail
929 3388 1159 3444 emprunte
1211 3400 1299 3431 aux
1350 3387 1564 3443 quorsum
1597 3391 1818 3444 eruptura
1838 3388 1900 3430 sit
1922 3384 2206 3445 horreamuu
2219 3398 2243 3422 ³

398 3438 566 3485 litteren
586 3444 642 3485 de
661 3454 831 3495 voyage
851 3444 930 3485 des
943 3444 1151 3494 anciens3
1187 3442 1300 3485 elles
1350 3446 1397 3483 et
1414 3453 1526 3484 nous
1540 3454 1675 3484 avons
1691 3454 1747 3485 vu
1765 3442 1875 3483 dans
1885 3440 2035 3482 Tacite
2052 3434 2247 3488 (Revolte

400 3489 570 3536 etaient
586 3496 774 3538 fermees
806 3508 912 3538 avec
934 3497 1014 3538 des
1035 3497 1217 3538 rideaux
1240 3495 1298 3537 de
1351 3492 1425 3536 des
1444 3493 1610 3550 leqiom
1626 3494 1678 3537 de
1698 3491 1955 3545 Germanic)
1972 3505 2015 3532 s«
2030 3488 2247 3550 Imoutas-

400 3546 561 3609 cuirou
570 3545 1149 3645 d'etoffemppelespaqulae,
1166 3547 1298 3611 qu'op
1351 3558 1435 3645 gae
1461 3547 1621 3601 prada
1656 3557 1815 3588 manus
1858 3546 1906 3586 in
1955 3542 2247 3598 direptwnem

400 3603 579 3649 1²0th
605 3602 750 3647 ouri-ir
773 3612 830 3645 ou
850 3603 1011 3645 fermer
1099 3602 1294 3648 volente.
1396 3599 1606 3645 ellim-tom
1622 3602 1885 3653 erupturae.
1903 3611 1924 3637 ι»
