2525 3984
322 185 440 244 244
841 159 847 162 ‘
968 178 1518 238 NARRATIONES.

561 262 575 294 ί

325 321 567 394 gruunt,
614 331 742 373 saxa
778 310 999 393 jaciunt
1038 328 1055 373 ε
1092 311 1326 393 jamque
1366 310 1568 392 lapidis
1612 310 1726 373 ictu
1778 319 2071 390 cruentus,
2112 324 2168 377 et

325 392 476 454 exitii
513 399 720 466 certuS,
744 410 981 453 accursu
1012 390 1394 453 multitudinis
1411 435 1433 467 ,
1460 410 1586 473 quae
1614 410 1748 452 cum
1782 394 1966 454 Druso
1992 393 2166 456 adve—

325 480 482 534 nerat
494 516 515 547 ,
540 478 824 551 protectus
850 477 954 531 est.

404 553 640 611 Noctem
656 549 963 626 minacem,
979 548 1109 610 etin
1125 551 1302 610 scelus
1322 557 1655 629 erupturam
1666 550 1779 610 fors
1790 549 1983 610 lenivit
1998 566 2013 610 t
2026 570 2165 611 nam

323 638 462 693 luna
481 630 629 691 claro
649 637 878 710 repente
897 630 1037 692 coelo
1057 628 1177 690 visa
1195 630 1574 710 languescere.
1600 628 1665 689 Id
1687 628 1851 689 miles
1870 629 2103 690 rationis
2118 631 2164 667 ‘⁹

324 711 553 800 ignarus
579 729 747 770 omen
771 708 1133 788 praesentium
1160 707 1399 789 accepit,
1425 728 1489 769 ac
1515 707 1632 769 suis
1657 708 1946 769 laboribus
1973 709 2166 770 defec—

328 790 601 851 t1onem⁷⁰
647 786 845 849 sideris
884 786 1200 848 assimilans
1217 831 1237 862 ,
1279 809 1310 847 «
1348 807 1610 869 prospere
1692 808 1723 848 e
1771 808 1995 849 cessura
2038 806 2164 878 quae

324 886 618 950 pergerent
630 913 651 943 ,
692 867 739 928 si
773 866 958 947 fulgor
989 875 1045 929 et
1071 866 1346 927 claritudo
1377 866 1494 928 deae
1524 808 1871 928 redderetur.
1902 889 1934 927 ›)
1985 868 2169 948 Igitur

323 948 451 1008 aeris
504 967 640 1008 sono
654 947 695 984 '¹¹
716 991 737 1020 ‚
777 945 1048 1007 tubarum
1097 966 1490 1027 cornuumque
1537 954 1816 1008 concentu
1859 953 2104 1027 strepere
2124 964 2160 1007 .:

323 1034 493 1108 prout
514 1024 854 1106 splendidior
880 1024 1262 1101 obscuriorve,
1291 1026 1493 1103 laetari,
1519 1035 1618 1087 aut
1638 1046 1878 1088 moerere
1902 1042 1918 1086 τ
1943 1033 1999 1086 et
2017 1035 2166 1116 post-

322 1125 497 1186 quam
545 1113 679 1166 ortae
722 1104 899 1166 nubes
948 1107 1181 1166 offecere
1224 1104 1397 1181 visui,
1446 1104 1837 1186 creditumque
1879 1105 2163 1166 conditam

322 1184 593 1260 tenebriS,
613 1192 678 1246 ut
697 1191 830 1245 sunt
857 1184 1095 1245 mobiles
1117 1184 1187 1245 ad
1215 1183 1674 1265 superstitionem
1701 1185 1969 1266 perculsoe
1993 1185 2164 1244 semel

324 1272 540 1324 mentes
559 1309 579 1340 ,
617 1286 647 1323 c<
687 1263 793 1324 sibi
828 1272 1107 1325 oeternum
1147 1263 1399 1325 laborem
1440 1263 1737 1344 portendi3
1776 1284 1879 1325 sua
1919 1264 2168 1324 facinora

323 1343 565 1404 aversari
609 1343 739 1404 deos
776 1343 1177 1404 lamentantur.
1231 1365 1263 1403 ι)
1316 1344 1599 1404 Utendum
1637 1341 1998 1405 inclinatione
2039 1362 2106 1402 ea
2116 1344 2168 1378 '¹’

324 1422 533 1498 Coesar,
572 1431 626 1483 et
671 1441 795 1503 quae
831 1442 989 1484 casus
1031 1422 1309 1483 obtulerat
1354 1422 1417 1483 in
1455 1422 1789 1504 sapientiam
1839 1421 2104 1483 vertenda
2117 1422 2165 1457 ⁷⁸

323 1509 504 1578 ratuS,
532 1500 822 1562 circumiri
851 1501 1093 1563 tentoria
1112 1502 1296 1583 jubet.
1327 1502 1560 1563 Accitur
1593 1501 1849 1564 centurio
1881 1501 2169 1576 Clemens,

324 1588 379 1641 et
407 1579 452 1641 si
487 1581 584 1642 alii
610 1579 774 1641 bonis
809 1580 1024 1642 artibus
1060 1581 1203 1661 grati
1227 1580 1289 1641 in
1309 1582 1510 1662 vulgus
1536 1599 1552 1643 :
1580 1581 1622 1642 ii
1648 1581 1878 1662 vigiliis,
1903 1579 2167 1642 stationi-

322 1659 453 1736 buS,
476 1659 745 1722 custodiis
770 1669 1068 1740 portarum·
1084 1681 1141 1722 se
1164 1660 1447 1737 inserunt,
1471 1681 1631 1742 spem
1658 1663 1922 1735 offerunt,
1944 1667 2164 1720 metum

322 1740 644 1800 intendunt.
697 1761 728 1799 «
767 1742 1071 1821 Quousque
1112 1740 1299 1800 filium
1345 1739 1700 1821 imperatoris
1740 1738 2123 1801 obsidebimus
2139 1740 2170 1797 ἱ)

324 1818 451 1899 quis
471 1818 849 1881 certaminum
869 1818 1040 1880 finis?
1064 1819 1469 1881 Percennio-ne
1487 1828 1543 1881 et
1555 1819 1830 1881 Vibuleno
1850 1837 2167 1879 sacramen-

323 1907 450 1958 tum
493 1897 701 1958 dicturi
755 1900 995 1964 sumus?
1050 1898 1395 1960 Percennius
1435 1907 1489 1961 et
1526 1898 1833 1961 Vibulenus
1885 1895 2165 1976 stipendia

323 1977 628 2053 militibus,
646 1997 808 2058 agros
821 1970 1071 2040 emeritis
1094 1977 1442 2059 largientur?
1463 1978 1705 2060 denique
1724 1997 1827 2058 pro
1844 1974 2164 2036 Neronibus

324 2065 378 2116 et
401 2057 622 2133 Drusis,
646 2056 956 2138 imperium
976 2057 1170 2175 p0⁷puli
1194 2058 1416 2119 romani
1438 2059 1764 2139 capessent?
1793 2054 1933 2138 quin
1953 2053 2165 2136 potiuS‚

322 2143 389 2195 ut
404 2136 693 2197 novissimi
714 2136 777 2197 in
797 2138 1025 2228 culpam
1064 2141 1111 2214 ἱ,
1129 2136 1208 2198 ita
1228 2137 1401 2219 primi
1425 2138 1496 2199 ad
1512 2136 1906 2218 poenitentiam
1924 2154 2120 2196 sumus
2135 2135 2169 2193 ἱ)

327 2214 513 2275 Tarda
551 2226 682 2277 sunt
724 2237 850 2298 quae
893 2238 955 2277 m
1001 2237 1307 2278 commune
1351 2217 1776 2297 expostulentur
1822 2233 1839 2276 τ
1885 2213 2168 2294 privatam

324 2293 567 2432 {rafiam
592 2295 782 2357 statim
815 2315 1067 2357 mereare
1084 2341 1105 2373 ,
1133 2296 1324 2357 statim
1365 2294 1623 2375 recipias·
1653 2315 1685 2353 ›)
1728 2292 2042 2354 Commotis
2066 2311 2171 2372 per

366 2393 445 2434 aec
477 2374 764 2451 mentibus
782 2420 803 2451 ,
831 2384 887 2438 et
928 2374 1074 2437 inter
1112 2396 1171 2437 se
1200 2373 1509 2456 suspectis,
1547 2372 1789 2434 tironem
1817 2391 1852 2433 a
1879 2379 2171 2445 veteranO,

325 2454 603 2533 legionem
636 2474 671 2516 a
695 2455 911 2535 legione
937 2454 1260 2518 dissociant.
1291 2457 1444 2515 Tum
1468 2452 1653 2515 redire
1678 2452 1979 2544 paullatim
2005 2470 2171 2512 amor

326 2533 578 2616 obsequii
615 2552 631 2596 ε
671 2535 943 2596 omittunt
977 2544 1204 2615 portas3
1246 2533 1429 2614 signa,
1463 2554 1647 2595 unum
1674 2553 1737 2593 m
1769 2533 1958 2593 locum
2000 2529 2167 2611 prin-

326 2612 473 2692 cipio
496 2614 785 2676 seditionis
812 2624 1170 2696 congregata,
1199 2633 1326 2674 suas
1351 2612 1415 2671 in
1443 2613 1598 2674 sedes
1628 2613 1900 2672 referunt.
2124 2687 2135 2698 .

403 2695 619 2755 Drusus
624 2740 645 2770 ,
674 2704 797 2756 orto
836 2693 952 2769 die,
995 2702 1051 2755 et
1087 2702 1285 2756 vocata
1324 2691 1617 2766 concione,
1645 2708 1972 2772 quanquam
2010 2688 2171 2748 rud1s

326 2770 582 2847 dicendi,
612 2773 903 2835 nobilitate
934 2772 1265 2855 ingenita⁷⁸,
1295 2771 1515 2832 incusat
1540 2770 1762 2852 priora,
1788 2766 1990 2850 probat
2016 2787 2166 2847 prae-

381 2940 427 2976 ω
454 2942 675 2998 Βαΐίθπῑὸ,
727 2947 810 2990 ¹1⁰·
835 2948 1011 3001 raison,
1060 2948 1107 2990 la
1152 2946 1216 2989 101
1321 2944 1369 2980 '1²
1397 2943 1700 2988 Inclinatione
1718 2953 1787 2994 ea,
1811 2942 1902 2984 «de
1917 2951 1969 2984 ce
1982 2949 2159 2981 mouve-

330 2999 569 3045 astronomi
596 3010 667 3041 ue.
692 3015 716 3040 ι
1269 3002 1394 3042 ment
1411 3000 1492 3041 des
1515 2998 1690 3053 esprits.
1705 3010 1728 3035 ›
2131 3045 2142 3054 ι

383 3047 429 3081 ⁷⁰
450 3048 555 3092 Suis
592 3050 799 3095 aboi-ibus
816 3051 1112 3108 desectionem,
1130 3056 1216 3097 etc.
1324 3050 1371 3086 '1³
1388 3051 1448 3093 In
1456 3050 1715 3105 sapientiam
1724 3044 1961 3093 vertenda,
1984 3059 2007 3083 κ
2019 3046 2168 3088 devmt

329 3098 367 3142 ῘῙ
390 3113 423 3153 ’.7
448 3114 475 3144 a
497 3104 556 3146 ici
575 3116 638 3146 un
659 3103 766 3160 effet,
802 3107 930 3149 sinon
965 3119 1028 3149 un
1054 3104 1135 3162 jeu
1166 3103 1218 3146 de
1271 3104 1654 3157 toumerauprofit
1664 3095 2168 3152 delasagessepcea-d.

330 3157 441 3213 '1⁸⁰st
455 3169 473 3205 ι·
520 3169 580 3200 on
616 3159 683 3202 dit
716 3157 830 3200 luno
864 3158 1035 3203 labores
1051 3191 1063 3213 ,
1098 3172 1122 3196 ‹
1141 3159 1220 3201 des
1273 3158 1330 3200 de
1349 3157 1393 3199 la
1412 3158 1562 3198 bonne
1585 3160 1631 3200 et
1652 3155 1777 3197 salue
1801 3153 2031 3206 politique.

330 3208 518 3262 eclipses
547 3212 603 3255 de
627 3213 675 3255 la
704 3213 858 3266 lunen
882 3217 928 3255 et
948 3214 1015 3256 les
1052 3213 1220 3256 soldats
1324 3207 1372 3244 *1¹*
1407 3208 1466 3252 Ut
1498 3207 1721 3251 novissimi
1751 3205 1802 3247 in
1841 3202 2027 3268 culpam,
2060 3207 2164 3246 etc..

328 3265 539 3314 voyaient
568 3265 679 3309 dans
712 3266 779 3310 les
807 3265 1074 3320 pretendues
1103 3266 1221 3308 sour-
1275 3277 1298 3302 α
1314 3263 1383 3306 les
1398 3263 1612 3317 premiers
1637 3260 1665 3304 ὁ.
1685 3271 1799 3323 n'ous
1816 3263 2034 3320 repexum..
2048 3266 2166 3313 com·

330 3315 501 3361 frances
529 3317 586 3360 de
616 3318 761 3363 l'astre
784 3322 864 3362 des
890 3321 1010 3362 nuits
1031 3319 1219 3371 l’image,
1273 3329 1345 3359 me
1379 3326 1492 3359 nous
1528 3326 1664 3359 avons
1701 3318 1773 3357 ete
1810 3312 1878 3354 les
1913 3311 2110 3373 dernier-s
2139 3320 2168 3349 a.

329 3367 574 3414 l’embleme
621 3374 678 3415 de
718 3373 836 3414 leurs
879 3383 1061 3425 propi-es
1107 3373 1224 3414 souf-
1273 3382 1386 3412 nous
1402 3371 1756 3421 compromettre.
1774 3381 1795 3405 ι
1815 3360 1919 3408 Oeci
1936 3363 2030 3403 d01t
2052 3372 2072 3401 s
2087 3371 2166 3401 en-

329 3421 516 3465 fmnces·
1273 3424 1431 3464 tendre
1446 3423 1526 3465 des
1540 3422 1763 3463 meilleurs
1777 3417 1959 3466 soldats,
1981 3416 2037 3475 de
2056 3424 2167 3454 ceux

382 3473 427 3507 ⁷¹
456 3475 587 3519 AEric
603 3489 721 3519 sono.
745 3476 892 3529 Usage
913 3477 1224 3530 superstitieux
1274 3477 1348 3528 qui
1379 3474 1602 3517 n'avaient
1630 3471 1720 3536 pris
1745 3473 1844 3524 part
1868 3468 1897 3511 ὲ,
1911 3468 1956 3509 la
1973 3467 2163 3510 sedition

333 3523 363 3567 a
379 3526 512 3576 l'effet
534 3530 590 3571 de
607 3531 811 3582 soulager
826 3531 872 3572 la
886 3530 991 3572 lune
1009 3530 1121 3571 dans
1140 3540 1220 3571 son
1276 3528 1402 3580 qu'en
1421 3528 1598 3569 dernier
1612 3526 1716 3567 heu.
1898 3519 1943 3562 Θ
1983 3573 1992 3582 ·

333 3583 549 3628 metenda
568 3583 738 3625 travail·
1328 3579 1374 3612 ’ῖῦ
1389 3576 1862 3631 Nobilitateinyenita,
1876 3584 2019 3616 ‘mais
2029 3575 2163 3623 ayant
