2525 3984
323 160 440 220 359.
972 149 1525 210 NARRATIONES.

322 288 567 372 insignia
598 285 958 369 magistratus
994 285 1140 365 ejus,
1173 302 1288 364 quo
1317 302 1467 343 anno
1492 286 1615 363 J'am
1649 287 1782 344 ante
1814 279 2061 342 abissent
2080 283 2145 318 ¹²¹

323 366 666 443 Decemviri,
727 375 982 429 uerentes
1005 385 1062 425 se
1087 363 1146 424 in
1168 362 1429 425 ordinem
1452 360 1574 453 cogi
1597 363 1690 436 ¹²¹,
1712 379 1830 420 non
1849 368 1981 421 ante
2001 380 2176 442 quam

324 448 551 540 perlatis
588 448 692 528 legi
739 467 827 523 us,
868 464 1113 527 quarum
1150 462 1322 504 causa
1362 448 1533 504 creati
1560 446 1783 517 essent,
1822 437 2177 520 deposituros

325 548 405 589 im
483 528 633 587 rium
659 547 715 587 se
736 525 981 587 aiebant.

452 629 514 668 er
556 609 632 666 M.
682 604 978 679 Duilium,
1061 601 1118 663 ui
1167 600 1434 663 tribunus
1515 597 1663 661 lobic-
1702 597 1921 674 fuerat,
1970 597 2176 659 certior

322 691 468 750 facta
490 684 670 767 plebs,
685 682 1029 746 contentioni
1076 703 1141 743 us
1156 679 1397 742 assiduis
1418 678 1476 740 ni
1526 678 1559 739 il
1578 677 1835 768 transigi,
1852 677 1912 737 in
1935 676 2175 739 Sacrum

323 775 582 829 montem
599 766 666 803 ¹¹⁸
687 784 754 825 ex
777 762 1056 825 Aventino
1078 759 1303 837 transit,
1324 761 1642 820 affirmante
1670 757 1857 818 Duilio
1879 776 1995 818 non
2015 756 2176 838 prius

544 842 723 906 deseri
769 842 972 904 urbem
1014 840 1277 917 videant,
1316 859 1514 900 curam
1557 837 1620 899 in
1669 835 1891 898 animos
1942 845 2172 916 patrum

360 944 720 988 ascensuram
740 921 846 1000 ”⁸3
874 921 1304 984 admoniturum
1338 920 1576 980 Sacrum
1612 925 1867 978 montem
1902 924 2176 977 constan-

318 1006 500 1068 tiaeffl
527 1002 705 1084 plebis
720 1017 743 1080 3
772 1001 1034 1077 scituros,
1069 998 1219 1080 quod
1254 997 1376 1059 sine
1402 996 1660 1058 restituta
1689 1003 1958 1076 potestate
1991 994 2173 1081 redigi

310 1088 371 1143 in
395 1088 764 1143 concordiam
784 1104 880 1145 res
907 1094 1204 1159 nequeant
1222 1088 1306 1145 ¹²⁶.
1326 1089 1432 1147 Via
1450 1090 1813 1146 Nomentana
1833 1090 2027 1159 ¹¹⁷,cui
2051 1093 2177 1144 tum

314 1167 608 1223 Ficulensi
629 1182 844 1225 nomen
871 1167 998 1236 fuit,
1026 1168 1287 1241 profecti,
1310 1173 1502 1225 castra
1524 1170 1586 1225 in
1606 1175 1803 1225 monte
1830 1171 1999 1226 Sacro
2020 1169 2177 1226 loca-

311 1263 468 1315 vere,
494 1247 836 1303 modestiam
859 1255 1091 1321 patrum
1118 1263 1360 1304 suorum
1386 1248 1452 1284 ¹¹⁸
1479 1248 1626 1305 nihil
1648 1247 1915 1305 violando
1939 1247 2173 1304 imitati.

311 1328 519 1382 Secuta
546 1326 863 1383 exercitum
893 1326 1078 1400 plebs,
1119 1326 1302 1395 nu110,
1336 1328 1436 1397 qui
1462 1343 1564 1400 per
1588 1332 1816 1383 aetatem
1846 1330 1931 1383 irc
1959 1331 2175 1399 posset,

312 1411 659 1463 retractante
674 1406 760 1463 ¹²⁹.
775 1408 1217 1479 Prosequuntur
1236 1409 1518 1477 conjuges
1539 1407 1846 1478 liberique,
1862 1408 2093 1464 cuinam
2112 1421 2176 1460 se

310 1484 715 1557 relinquerent
742 1486 805 1543 in
839 1501 907 1544 ea
937 1487 1103 1556 urbe,
1131 1487 1194 1543 in
1220 1502 1336 1558 qua
1364 1503 1472 1544 nec
1496 1488 1774 1560 pudicitia
1803 1503 1911 1544 nec
1938 1487 2189 1543 libertas·

310 1572 515 1623 sancta
555 1571 729 1636 esset,
757 1568 1175 1624 miserabiliter
1202 1568 1540 1640 rogitantes,
1568 1568 1761 1634 Quum
1794 1573 1953 1624 vasta
1981 1568 2178 1622 Roma}

314 1647 513 1702 omnia
534 1648 768 1705 insueta
797 1648 1046 1705 solitudo
1073 1647 1328 1715 fecisset,
1358 1648 1419 1702 in
1457 1647 1577 1702 foro
1607 1652 1814 1720 praeter
1841 1662 2054 1721 paucos
2085 1660 2176 1699 se-

314 1726 550 1782 niorum
591 1743 762 1783 nemo
792 1731 967 1795 esset,
1006 1728 1224 1782 vocatis
1249 1727 1455 1797 utique
1490 1727 1554 1782 in
1582 1733 1857 1783 senatum
1889 1726 2174 1799 patribus,

319 1807 621 1863 desertum
659 1808 1019 1881 apparuisset
1063 1806 1275 1876 forum,
1306 1807 1501 1878 plures
1532 1808 1675 1876 jam,
1705 1823 1881 1878 quam
1911 1805 2179 1863 Horatius

308 1890 371 1940 et
401 1885 684 1955 Valerius,
723 1885 1188 1943 vociferabantur
1225 1904 1239 1941 ε
1275 1908 1304 1938 «
1338 1886 1489 1952 Quid
1521 1887 1951 1959 exspectabitis,
1982 1890 2178 1958 patres

309 1964 675 2038 conscripti?
722 1966 773 2021 si
815 1966 1126 2023 decemviri
1163 1966 1344 2023 flnem
1384 1966 1719 2038 pertinaciae
1760 1960 1877 2023 non
1930 1965 2176 2032 faciunt,
2209 1973 2219 1981 ·

317 2060 490 2101 ruere
516 2060 582 2102 ac
604 2044 922 2115 deflagrare
943 2044 1140 2102 omnia
1162 2046 1393 2118 passuri
1416 2045 1595 2102 estis?
1618 2047 1780 2113 Quod
1802 2050 1999 2102 autem
2017 2044 2177 2100 istud

312 2125 634 2196 imperium
662 2124 729 2160 ¹³⁰
761 2130 867 2194 est,
902 2125 1232 2196 decemviri,
1256 2125 1411 2198 quod
1446 2126 1695 2199 amplexi
1720 2126 1969 2183 tenetis?
1989 2125 2178 2182 Tectis

318 2217 385 2256 ac
418 2202 738 2271 parietibus
767 2205 903 2271 Jura
938 2205 1149 2262 dicturi
1181 2204 1361 2261 estis?
1382 2206 1507 2261 Non
1538 2206 1719 2278 pudet
1748 2205 2017 2262 lictorum
2044 2219 2179 2259 ves-

320 2285 546 2335 trorum
580 2282 865 2349 maiorem
891 2298 1067 2355 prope
1105 2299 1423 2342 numerum
1452 2285 1515 2340 in
1541 2284 1665 2341 soro
1689 2283 1965 2355 conspici,
1997 2296 2180 2353 quam

319 2364 641 2429 togatorum
665 2360 1069 2433 aliorumque?
1096 2364 1266 2433 Quid,
1290 2364 1341 2420 si
1366 2364 1563 2421 hostes
1588 2364 1658 2421 ad
1681 2363 1886 2419 urbem
1911 2361 2178 2429 veniant,

313 2440 532 2497 facturi
570 2440 751 2498 estis?
782 2441 921 2513 quid
970 2442 1020 2499 si
1070 2443 1237 2517 plebs
1278 2457 1433 2512 mox,
1464 2444 1567 2501 ubi
1602 2459 1810 2517 parum
1843 2441 2182 2499 secessione

316 2535 675 2592 moveamur,
714 2526 937 2579 armata
979 2522 1210 2579 veniat?
1252 2524 1554 2581 occasune
1592 2525 1758 2580 urbis
1792 2522 1969 2578 vultis
2025 2521 2183 2577 finiri

311 2600 671 2673 imperium?
699 2602 872 2674 Atqui
914 2606 1015 2659 aut
1051 2604 1218 2675 plebs
1251 2618 1370 2660 non
1400 2606 1489 2659 est
1524 2603 1793 2659 habenda
1819 2602 1904 2672 ¹³¹,
1941 2606 2041 2658 aut
2072 2602 2178 2659 ha-

344 2731 355 2738 “
391 2729 458 2764 121
493 2729 587 2777 Quo
613 2740 784 2772 anno...
806 2725 1119 2771 Consta-uim:
1144 2735 1230 2779 quo
1283 2722 1539 2780 solution.)

341 2780 847 2836 (magistratu)abissent
864 2776 1094 2834 annojam
1109 2780 1227 2821 ante.
1339 2771 1409 2807 1²⁶
1435 2771 1645 2815 Scauros
1659 2767 1842 2866 aTitui...
1877 2765 2038 2811 Forme
2068 2778 2185 2811 rare.

391 2835 458 2868 ¹¹¹
486 2834 543 2878 Se
560 2836 609 2878 in
632 2833 839 2879 ordinem
855 2832 958 2890 οὐρα·
977 2832 1226 2887 querentes,
1283 2822 1658 2871 Peuvetrevaudr
1705 2821 2022 2866 t-ilmteuxlire
2033 2831 2183 2875 quam.

332 2900 395 2931 m·
432 2886 459 2929 'a
486 2900 577 2931 m.:
608 2901 699 2934 eae
754 2888 958 2940 laignant
991 2881 1130 2928 d'etre
1163 2880 1233 2925 re'-
1339 2877 1407 2913 1117
1435 2876 1777 2921 Nomentana...
1804 2872 2048 2918 Ficulensi.
2077 2871 2184 2915 No-

338 2941 455 2983 duits
481 2939 510 2982 a
538 2941 583 2982 la
606 2941 835 2983 condition
860 2937 1111 2989 ordinaire,
1132 2934 1162 2980 a
1187 2937 1234 2979 la
1283 2935 1495 2982 mentum,
1554 2928 1771 2980 Ficulea,
1831 2939 1893 2970 ou
1936 2923 2185 2978 Ficulnea,

338 2993 566 3035 condition
591 2992 647 3034 de
664 2992 846 3045 simplos
862 2992 1079 3043 citoyens.
1097 3002 1120 3028 ι
1143 2989 1232 3032 Lo·
1284 2986 1455 3029 etaient
1473 2983 1553 3026 des
1571 2983 1697 3026 viltes
1717 2982 1798 3024 des
1814 2978 1993 3023 Sabins.

334 3046 487 3088 cut-ion
516 3043 772 3096 empmntee
801 3043 829 3086 a
847 3044 892 3086 la
907 3044 1087 3087 milice:
1118 3043 1231 3085 dans
1340 3036 1409 3072 ¹28
1436 3033 1708 3079 Mede-stiam
1738 3034 1934 3089 patrum
1972 3042 2181 3082 suorum,

337 3109 425 3140 une
443 3097 617 3140 marche
644 3098 687 3140 le
703 3098 852 3142 soldat
928 3125 929 3128 =
964 3095 1146 3142 a'ecarte
1171 3096 1229 3138 de
1288 3105 1310 3132 ι
1328 3092 1372 3135 le
1392 3090 1551 3142 calme,
1570 3089 1616 3132 la
1633 3099 1813 3140 sagesse
1840 3088 1900 3129 de
1917 3086 2036 3147 leurs
2047 3080 2190 3146 ance-

336 3155 641 3245 ξὲῃτὲἶιὲῧθοεὶ
655 3150 772 3194 force?
788 3162 869 3205 par
903 3161 952 3194 en
969 3149 1091 3196 chesn
1109 3149 1167 3192 de
1184 3149 1232 3194 ,le
1285 3140 1898 3247 toffiz21gcktgg'ffigffiggzdis
1925 3143 2083 3181 retu-es
2110 3148 2189 3180 sus·

416 3255 463 3289 ¹³
491 3255 549 3298 In
567 3255 759 3299 Sacrum
776 3257 976 3305 montem,
1001 3266 1024 3290 ‹
1042 3254 1088 3297 10
1108 3258 1235 3297 mont
1342 3250 1408 3283 ¹²⁹
1436 3247 1743 3297 Retractanti,
1798 3258 1880 3289 our
1897 3241 2182 3287 detrectanti.

341 3308 473 3353 Saere
493 3323 514 3349 ,ι
533 3308 642 3350 etait
665 3306 778 3350 sitne
797 3306 979 3349 au-delb.
996 3306 1053 3349 de
1071 3307 1230 3361 I'Anio,
1287 3301 1421 3357 (Voy.
1472 3303 1541 3343 lus
1558 3302 1681 3351 haut,
1698 3312 1745 3354 p.
1821 3301 1865 3350 7,
1885 3302 1991 3339 note
2004 3293 2092 3357 79.)

339 3361 368 3404 a
382 3364 492 3404 trois
510 3362 653 3404 milles
673 3361 729 3403 de
753 3360 909 3403 Rome.
1340 3355 1410 3389 180
1467 3357 1697 3408 rupea-ium,
1722 3366 1745 3390 ι
1763 3357 1890 3396 voti-e
1911 3345 2114 3394 autorite.
2134 3360 2157 3386 »

394 3414 463 3446 ¹¹⁸
495 3414 664 3456 Curam
731 3424 821 3454 non
884 3410 1195 3453 descensuram
1340 3406 1404 3441 131
1435 3404 1571 3449 Plebs
1589 3417 1678 3447 non
1696 3406 1762 3446 est
1781 3400 2006 3452 habenda,
2026 3398 2187 3443 cem.

383 3466 544 3525 qufune
573 3465 912 3529 preoccupation
946 3460 1141 3505 soi-tense
1171 3475 1231 3505 ne
1285 3458 1580 3510 admittenda,
1613 3456 1889 3512 recipienda,
1924 3467 1947 3493 ‹
1965 3454 1998 3497 11
2015 3465 2074 3496 ne
2092 3453 2187 3495 faut

335 3516 607 3568 penetret-ait
626 3529 704 3569 pas
719 3514 1106 3570 protondement...
1127 3529 1149 3555 ι
1285 3524 1364 3567 pas
1383 3511 1485 3596 qu'il
1544 3513 1607 3555 ait
1625 3510 1681 3553 de
1701 3509 1911 3603 peuple...
1936 3522 1960 3546 ³·

394 3566 463 3600 ¹⁸⁸
493 3568 782 3617 Constantia,
812 3566 977 3608 «dela
1002 3567 1137 3607 ferme
1160 3565 1231 3609 re-
1341 3565 1382 3598 1³
1439 3564 1475 3607 C
1520 3565 1599 3613 ⁶115,
1643 3575 1753 3615 pour
1812 3560 2015 3610 ibt-nlius,
2070 3556 2184 3604 faoi-
