2525 3984
949 172 1507 234 NARRATIONES.
2082 177 2161 238 93

303 309 658 384 redderetur,
683 327 843 388 posse
883 306 975 388 agi
1016 305 1086 368 de
1128 326 1264 389 pace
1305 323 1323 368 τ
1364 305 1412 367 si
1454 304 1646 388 proeda
1677 305 1808 367 belli
1843 326 1946 387 per
1978 308 2161 368 otium

305 390 422 453 frui
448 388 653 464 velint,
685 406 1003 448 memorem
1040 407 1100 448 se
1142 393 1201 448 et
1245 384 1460 447 civium
1502 385 1729 466 injuriae
1771 393 1829 446 et
1869 387 2163 468 hospitum

303 468 589 546 beneficii,
615 466 953 529 adnisurum
980 472 1046 526 ut
1067 474 1358 548 appareat,
1386 465 1581 527 exsilio
1607 465 1715 525 sihi
1745 464 1996 526 irritatos
2001 511 2022 542 ,
2047 488 2164 528 non

304 551 534 625 fractOS,
574 547 794 610 animos
839 566 981 611 esse.
1027 567 1059 605 ι)
1114 550 1334 607 Iterum
1376 544 1580 607 deinde
1622 544 1801 606 iidem
1845 544 2004 606 missi
2046 566 2162 607 non

304 627 659 712 recipiuntur
702 627 766 688 in
805 634 1008 688 castra.
1056 625 1385 687 Sacerdotes
1427 645 1652 707 quoque
1692 624 1810 686 suis
1843 623 2165 705 insignibus

304 709 513 771 velatos
560 708 670 769 isse
715 705 995 787 supplices
1038 705 1111 768 ad
1154 713 1340 768 castra
1378 704 1669 780 hostium,
1719 703 1996 766 traditum
2040 711 2125 765 est
2141 749 2166 780 ,

304 788 486 850 nihilo
514 787 695 868 magis
721 806 896 868 quam
919 787 1132 867 legatos
1145 785 1371 847 flexisse
1391 785 1656 847 animum
1673 788 1739 844 ¹¹.
1780 794 1787 805 '

389 870 541 929 Tum
567 875 843 928 matronae
876 865 948 927 ad
967 863 1263 927 Veturiam
1299 873 1546 927 matrem
1585 862 1894 940 Coriolani,
1918 865 2166 925 Volum-

287 949 578 1028 niamque
618 966 850 1007 uxorem
886 946 1209 1027 frequentes
1246 953 1454 1007 coeunt
1490 962 1507 1006 ε
1546 943 1606 1004 id
1642 942 1941 1025 publicum
1970 944 2169 1007 consi-

304 1026 457 1088 lium
471 1030 513 1064 ¹¹
518 1071 540 1102 ,
572 1047 647 1087 an
692 1024 987 1086 muliebris
1023 1024 1202 1086 timor
1236 1023 1445 1101 fuerit,
1483 1044 1691 1106 pamm
1725 1023 1975 1084 invenio.
2019 1024 2170 1093 Per-

304 1106 490 1168 vicere
542 1112 693 1167 certe
710 1106 779 1181 ¹⁸,
845 1112 911 1165 ut
962 1112 1019 1166 et
1060 1103 1296 1166 Veturia
1350 1124 1558 1185 magno
1616 1111 1759 1164 natu
1820 1102 2056 1178 mulier,
2109 1112 2166 1164 et

310 1185 654 1260 Volumnia,
683 1185 825 1245 duos
864 1203 1067 1264 parvos
1107 1204 1175 1244 ex
1214 1182 1424 1245 Marcio
1463 1185 1648 1244 ferens
1676 1182 1856 1258 filios,
1883 1202 2078 1243 secum
2103 1182 2165 1243 in

306 1272 489 1327 castra
510 1263 762 1325 hostium
786 1263 959 1340 irent,
987 1271 1069 1341 et,
1093 1280 1270 1345 quam
1294 1262 1469 1324 armis
1491 1261 1599 1322 viri
1630 1261 1931 1335 defendere
1958 1262 2165 1323 urbem

306 1363 422 1405 non
455 1351 719 1424 possent,
756 1343 1025 1404 mulieres
1062 1342 1325 1425 precihus
1364 1341 1744 1423 lacrymisque
1771 1341 2159 1425 defenderent.

307 1421 413 1483 Ubi
441 1422 512 1484 ad
534 1432 715 1484 castra
737 1431 972 1484 ventum
998 1429 1116 1499 est,
1144 1421 1586 1503 nuntiatumque
1602 1420 1938 1497 Coriolano,
1971 1420 2166 1483 adesse

309 1501 509 1583 ingens
548 1502 859 1563 mulierum
896 1521 1128 1582 agmen,
1163 1500 1212 1562 is
1250 1500 1526 1581 primo¹⁸‚
1562 1509 1629 1561 ut
1667 1500 1767 1582 qui
1805 1521 1910 1561 nec
1937 1500 2199 1581 publica·

308 1582 602 1661 majestate
632 1581 693 1640 in
727 1580 926 1660 legatis
931 1624 952 1655 ,
976 1600 1082 1640 nec
1115 1579 1178 1638 in
1212 1579 1594 1640 sacerdotibus
1611 1587 1768 1639 tanta
1789 1581 1968 1639 offusa
1989 1579 2171 1640 oculis

307 1660 616 1741 animoque
630 1659 730 1720 reli
738 1659 949 1738 gione¹⁸
960 1665 1153 1720 motus
1172 1666 1340 1734 esset,
1354 1660 1539 1718 multo
1552 1657 1889 1718 obstinatior
1902 1657 2173 1719 adversus

310 1739 590 1820 lacrymas
631 1737 936 1798 muliebres
982 1745 1123 1800 erat‘.
1171 1736 1317 1798 Dein
1360 1736 1732 1798 familiarium
1755 1736 1991 1818 quidam
2006 1782 2027 1813 ,
2068 1737 2167 1819 qui

309 1817 594 1899 insignem
622 1816 893 1878 moestitia
917 1817 1066 1878 inter
1088 1825 1299 1878 ceteras
1325 1824 1661 1908 cognoverat
1676 1815 2004 1891 Veturiam,
2020 1816 2169 1877 inter

310 1916 526 1957 nurum
551 1904 893 1986 nepotesque
921 1904 1201 1973 stantem:
1233 1917 1264 1955 t<
1287 1896 1408 1957 Nis1
1432 1917 1526 1958 me
1553 1897 1924 1972 frustrantur,
1955 1895 2173 1978 inquit,

313 1975 485 2052 oculi,
511 1984 696 2037 mater
727 1976 832 2036 tih1
854 1976 1171 2057 conjuxque
1201 1983 1257 2038 et
1281 1973 1445 2037 liberi
1466 1974 1693 2037 adsunt.
1720 1998 1752 2035 »

393 2055 726 2116 Coriolanus
757 2075 931 2134 prope
955 2058 1028 2116 'ut
1049 2076 1271 2132 amenS,
1299 2064 1685 2137 consternatus
1700 2100 1721 2131 ,
1747 2054 1820 2116 ab
1843 2055 1973 2117 sede
1999 2074 2102 2115 sua
2123 2055 2167 2092 ¹⁶

314 2151 494 2215 quum
526 2136 696 2195 ferret
731 2133 902 2195 matri
944 2133 1123 2197 obviae
1162 2136 1546 2215 complexum,
1582 2134 1792 2196 mulier
1820 2133 1882 2195 in
1924 2134 2072 2196 iram
2099 2155 2167 2195 ex

312 2213 574 2293 precibus
608 2234 767 2274 versa
796 2230 812 2275 :
853 2235 885 2273 ε(
925 2213 1059 2275 Sine
1075 2258 1097 2291 ,
1135 2214 1472 2297 priusquam
1509 2216 1870 2295 complexum
1911 2214 2126 2295 accipio
2142 2259 2169 2290 ,

321 2313 351 2351 α
392 2292 593 2369 sciam,
626 2292 837 2374 inquit,
861 2292 932 2354 ad
962 2295 1184 2355 hostem
1214 2315 1288 2356 an
1311 2294 1381 2355 ad
1415 2294 1602 2355 filium
1625 2293 1916 2372 venerim3
1947 2293 2168 2375 captiva

322 2392 352 2429 (t
392 2380 645 2433 materne
665 2418 687 2448 ,
732 2371 794 2432 in
836 2372 1030 2434 castris
1075 2373 1190 2433 tuis
1235 2373 1384 2434 sim?
1428 2377 1494 2434 In
1534 2376 1642 2435 hoc
1673 2395 1766 2435 me
1798 2375 1968 2454 longa
2008 2373 2164 2448 vita,

322 2471 353 2508 <x
393 2458 451 2511 et
488 2449 683 2511 infelix
709 2459 930 2512 senecta
955 2451 1209 2528 traxitfl,
1242 2461 1308 2513 ut
1335 2456 1585 2514 exsulem
1616 2461 1692 2528 te,
1716 2452 1920 2514 deinde
1944 2454 2167 2512 hostem

324 2550 354 2588 c<
393 2528 684 2591 viderem?
703 2529 940 2591 Potuisti
975 2531 1231 2622 populari
1263 2533 1650 2597 hancterram
1667 2576 1688 2607 ,
1717 2553 1845 2621 quae
1872 2540 1927 2592 te
1971 2529 2169 2610 genuit

323 2629 354 2667 α
395 2617 564 2691 atque
590 2609 773 2670 aluit?
802 2612 929 2671 Non
965 2610 1094 2688 tibi,
1210 2611 1392 2672 amvis
1419 2611 1624 2672 infesto
1651 2630 1844 2670 ammo
1873 2618 1929 2670 et
1954 2608 2166 2668 minaci

321 2709 354 2746 (ι
393 2708 749 2769 perveneraS,
779 2688 1118 2771 ingredienti
1169 2711 1316 2766 mes,
1341 2689 1426 2751 ira
1451 2690 1692 2752 cecidit?
1720 2691 1872 2763 Non,
1901 2706 2082 2768 quum
2105 2687 2167 2749 in

323 2788 355 2826 ε(
395 2778 697 2850 conspectu
719 2771 903 2829 Roma
925 2769 1060 2845 fuit,
1081 2768 1362 2830 succurrit
1385 2769 1580 2830 t.intra
1609 2769 1706 2828 illa
1736 2767 1948 2828 moenia
1961 2767 2167 2828 domus

322 2867 354 2906 α
393 2867 458 2908 ac
478 2857 706 2938 penates
724 2847 838 2908 mei
858 2856 1016 2923 sunt,
1037 2857 1222 2909 mater
1238 2847 1260 2924 ,'
1284 2848 1490 2928 conjux
1507 2892 1527 2925 ,
1549 2846 1866 2928 liberique?
1891 2849 2040 2928 Ergo
2064 2868 2165 2928 ego

322 2947 354 2986 α
396 2925 505 2988 nisi
559 2928 928 3008 peperissem,
962 2929 1148 2988 Roma
1181 2947 1300 2990 non
1339 2934 1782 3011 oppugnaretur.
1819 2927 1940 2988 Nisi
1979 2926 2165 2989 filium

370 3116 415 3151 11
444 3114 668 3167 Animum,
687 3116 839 3158 s.-'ent.
862 3115 1110 3161 Coriolani.
1266 3115 1356 3171 sur,
1381 3121 1487 3163 c'est
1513 3121 1693 3174 qu'enes
1717 3119 1851 3163 firent
1866 3124 1966 3164 tant
1980 3132 2119 3175 que...
2139 3136 2167 3161 »

370 3168 417 3203 Β
442 3168 504 3212 Id
542 3167 775 3229 publicum
808 3169 1068 3225 consilium,
1121 3176 1207 3216 etc.
1320 3171 1372 3205 Ν
1399 3171 1565 3225 Primo,
1584 3187 1694 3227 pour
1744 3175 1919 3216 rimam.

320 3234 344 3261 e
361 3220 492 3267 Gette
514 3222 747 3265 demarche
765 3223 938 3266 fut-elle
959 3236 1049 3268 une
1072 3226 1214 3278 inspi-
1322 3223 1367 3258 1⁸
1393 3224 1621 3284 Reliyione
1658 3241 1682 3269 ο
1729 3239 1811 3268 usa
1845 3226 2002 3276 oculis,
2045 3238 2068 3263 e
2106 3226 2164 3268 de

318 3277 467 3320 ration
479 3287 621 3320 venue
641 3276 720 3317 des
734 3277 996 3330 magistrats,
1014 3291 1073 3322 ou
1084 3278 1212 3321 l’acte
1265 3278 1494 3333 l’appareil
1519 3279 1640 3324 sacre'
1670 3282 1745 3335 qui
1771 3282 1891 3324 avait
1914 3278 2066 3335 trappe
2093 3290 2167 3322 ses

319 3328 566 3373 trraisonne
584 3330 640 3372 de
656 3330 841 3371 femmes
859 3331 933 3383 qui
951 3336 1032 3372 ont.
1078 3327 1211 3374 eur?»
1266 3342 1400 3385 yeux.
1416 3349 1438 3373 ι

320 3379 475 3436 Denys
488 3382 844 3425 d'Halicat-nasse
854 3388 923 3425 est
935 3395 1045 3436 pour
1075 3396 1103 3426 a
1145 3396 1219 3427 re·-
1327 3383 1372 3418 ¹⁸
1398 3383 1471 3428 Ab
1488 3384 1591 3428 sede
1604 3398 1706 3435 sua,
1728 3383 2050 3428 sous-emenda
2060 3393 2169 3438 pro-

322 3432 459 3478 iniere
476 3447 559 3489 cup
590 3437 780 3487 osition;
812 3437 846 3478 il
867 3441 1072 3491 rapporte
1093 3435 1106 3489 (
1139 3449 1216 3480 πο
1268 3436 1557 3490 &mummius
1566 3439 1612 3482 Ia
1628 3439 1912 3493 suppression
1932 3438 1988 3479 de
2006 3447 2057 3478 ce
2074 3439 2170 3479 mot

323 3487 418 3542 vm)
480 3500 538 3532 ue
582 3501 607 3531 e
635 3489 804 3533 conseil
825 3490 921 3535 vint
946 3488 1004 3534 de
1020 3488 1217 3542 Valeria,
1269 3491 1350 3534 fait
1366 3490 1546 3534 beaute.
1824 3539 1835 3551 .
1969 3539 1976 3549 ,
2061 3540 2071 3549 ‚

324 3550 444 3584 noem·
489 3553 516 3584 e
533 3540 775 3585 Publicola.
1325 3543 1369 3578 1⁷
1398 3543 1453 3586 Ιπ
1472 3541 1555 3586 hoc
1571 3555 1687 3584 me...
1708 3544 1873 3594 tramt,
1891 3551 2009 3584 «nra
2026 3550 2149 3581 resei-

376 3592 422 3627 1³
448 3592 677 3641 pervicere
693 3599 823 3648 certe,
840 3607 863 3634 ε
880 3595 1054 3735 ow
1066 3608 1098 3650 y
1116 3609 1144 3641 a
1159 3597 1216 3641 de
1270 3595 1351 3640 vec
1373 3594 1402 3639 a
1417 3597 1464 3639 la
1480 3597 1678 3639 douleur.
1700 3610 1724 3635 ι
