2525 3984
1030 182 1587 245 NARRATIONES.
2154 189 2221 249 81

424 316 684 398 ladioque
714 313 933 378 cinctus
948 361 972 393 ,
998 317 1153 380 velut
1181 336 1316 377 cum
1341 316 1601 397 pluribus
1633 314 1806 378 simul
1834 315 2230 380 dimicaturus,

445 395 591 478 'oxip
632 416 698 457 us
712 439 734 472 ,
783 395 904 457 oleo
947 394 1136 457 nitens
1188 404 1247 458 et
1295 399 1653 458 coronatus²⁸
1668 439 1690 472 ,
1733 397 1871 457 laeva
1925 396 2233 477 puniceum

389 475 540 537 amic
604 495 727 551 um,
767 473 964 539 dextra
995 474 1249 537 validum
1287 475 1677 557 nodosumque
1726 474 1980 557 stipitem
2024 477 2233 556 praefe-

390 556 568 617 rebat.
601 556 687 616 Ea
718 553 843 637 ipsa
878 575 969 618 res
1003 554 1268 616 omnium
1304 552 1524 616 animos
1555 555 1964 636 exspectatione
2004 575 2235 636 suspen-

389 634 548 696 derat
581 652 598 696 :
641 633 737 717 qui
737 657 781 725 p
897 643 1116 699 armato
1157 633 1423 716 congredi
1458 634 1682 697 nudum
1697 635 1742 671 ¹⁸
1776 634 2085 711 dementia,
2118 655 2236 697 non

390 713 678 776 temeritas
698 735 752 774 vl
793 714 1016 777 ebatur.

468 792 652 875 Igitur
674 793 902 856 Macedo
918 838 939 870 ,
959 793 1112 855 haud
1145 792 1357 857 dubius
1382 792 1607 857 eminus
1635 792 1873 856 interfici
1896 814 2088 875 posse,
2116 795 2236 856 lan·

387 892 550 934 ceam
602 872 829 950 emisit3
894 894 1070 955 quam
1121 873 1431 956 Dioxippus
1497 892 1679 956 quum
1735 872 1938 955 exigua
1987 874 2237 954 corporis

388 950 766 1015 declinatione
804 951 1031 1015 vitasset
1045 998 1067 1031 ,
1096 961 1400 1036 antequam
1429 954 1526 1015 ille
1564 954 1787 1016 hastam
1821 954 2150 1015 transferret
2175 952 2237 1012 in

388 1029 673 1108 dextram,
709 1030 950 1109 assiluit,
991 1041 1048 1095 et
1087 1032 1157 1094 sti
1200 1032 1277 1095 ite
1319 1034 1571 1097 mediam
1610 1052 1736 1095 eam
1771 1031 1958 1115 fregit.
2010 1032 2236 1095 Amisso

389 1117 632 1193 utroque
671 1112 783 1174 telo
800 1156 824 1188 ,
860 1112 1089 1175 Macedo
1123 1054 1379 1194 gssdium
1406 1123 1654 1195 coeperat
1686 1112 1961 1195 stringere
1992 1130 2008 1175 ε
2037 1132 2236 1204 quem,

392 1198 730 1272 occupatum
757 1194 1078 1273 complexu,
1100 1192 1341 1274 pedibus
1361 1201 1590 1276 repente
1612 1193 1989 1269 subductis¹⁸,
2010 1191 2241 1274 Dioxip·

389 1288 497 1350 pus
522 1270 778 1361 arietavit
793 1273 838 1309 ¹⁸
864 1272 926 1333 in
954 1281 1165 1335 terram
1182 1290 1203 1351 3
1232 1283 1540 1357 ereptoque
1573 1274 1760 1367 gladio
1773 1317 1794 1349 ,
1828 1272 2032 1355 pedem
2069 1292 2240 1353 super

390 1367 667 1412 cervicem
691 1351 930 1433 jacentis
967 1352 1265 1434 imposuit,
1300 1354 1553 1436 stipitem
1582 1361 1867 1416 intentans
1885 1353 2239 1434 elisurusque

387 1447 457 1489 eo
490 1428 732 1507 victum,
765 1432 826 1493 ni
870 1432 1190 1513 prohibitus
1223 1441 1370 1495 esset
1416 1453 1451 1495 a
1492 1454 1646 1515 rege.
1684 1432 1887 1494 Tristis
1933 1429 2236 1514 spectaculi

356 1579 366 1587 ι
389 1516 621 1572 eventus
643 1531 760 1572 non
786 1511 1185 1573 Macedonibus
1207 1511 1405 1588 modo,
1439 1512 1536 1574 sed
1558 1512 1733 1573 etiam
1754 1512 2071 1573 Alexandro
2097 1511 2237 1588 fuit,

392 1587 637 1651 maxime
664 1589 801 1671 quia
828 1589 1058 1650 barbari
1084 1590 1421 1680 adfuerant,
1456 1589 1668 1671 quippe
1695 1589 2034 1651 celebratam
2062 1593 2243 1651 Mace-

389 1664 607 1729 donum
642 1668 1039 1729 fortitudinem
1080 1667 1152 1730 ad
1199 1668 1518 1730 ludibrium
1557 1665 1821 1729 recidisse
1834 1669 1880 1706 ¹⁸¹
1919 1666 2238 1729 verebatur.

392 1746 545 1807 Hinc
590 1745 663 1807 ad
702 1746 1160 1808 criminationem
1205 1746 1534 1809 invidorum
1577 1746 1857 1827 adapertoe
1899 1753 2034 1808 sunt
2081 1767 2244 1809 aures

391 1823 582 1906 regis:
613 1832 671 1886 et
690 1835 817 1907 post
915 1845 1050 1890 neos
1068 1826 1191 1889 dies
1211 1825 1366 1890 inter
1390 1828 1587 1909 epulas
1611 1846 1850 1887 aureum
1878 1827 2148 1918 poculum
2178 1848 2246 1888 ex

394 1903 706 1986 composito
728 1847 1067 1969 subd'iicitur
1090 1923 1110 1984 3
1137 1906 1525 1990 ministrique,
1550 1905 1710 1989 quasi
1738 1905 2058 1968 amisissent
2094 1905 2244 1997 quod

395 1993 750 2063 amoverant,
784 2007 979 2068 regem
1016 1986 1250 2049 adeunt.
1293 1988 1454 2069 Soepe
1488 1986 1682 2049 minus
1722 1993 1807 2048 est
1853 1993 2182 2049 constantiae
2198 1987 2245 2023 ¹⁸

394 2061 458 2123 in
493 2063 704 2126 rubore
736 2085 913 2156 quam
953 2065 1013 2126 in
1049 2068 1217 2148 culpa
1253 2085 1271 2129 t
1304 2067 1625 2149 conjectum
1660 2066 1957 2128 oculorum
1975 2110 1997 2144 ,
2036 2066 2244 2149 quibus

396 2149 465 2207 ut
496 2142 594 2204 fur
624 2143 1032 2224 desunabatur,
1067 2145 1380 2238 Dioxippus
1409 2148 1556 2209 serre
1583 2167 1698 2208 non
1726 2146 1910 2228 potuit
1926 2163 1946 2224 3
1982 2153 2039 2208 et
2062 2167 2243 2228 quum

390 2221 717 2285 excessisset
748 2223 1034 2301 convivio,
1087 2224 1291 2287 litteris
1326 2225 1659 2308 conscriptis
1706 2246 1830 2309 quae
1878 2226 1995 2309 regi
2038 2226 2245 2287 redde-

396 2309 633 2392 rentur,
659 2304 810 2365 ferro
840 2324 901 2365 se
925 2303 1236 2367 interemit.
1274 2305 1534 2368 Graviter
1552 2314 1798 2372 mortem
1826 2307 1949 2387 ejus
1971 2306 2103 2366 tulit
2122 2326 2245 2381 rex,

395 2380 722 2444 existimans
771 2382 1172 2464 indignationis
1200 2405 1359 2462 esse,
1400 2406 1519 2448 non
1562 2385 1909 2467 poenitentiae
1943 2396 2145 2446 testem
2160 2387 2206 2422 ¹⁰
2223 2428 2245 2460 ,

399 2457 601 2541 utique
619 2462 668 2499 ’ὓ
695 2470 994 2544 postquam
1033 2465 1173 2527 falso
1205 2464 1606 2527 insimulatum
1636 2485 1769 2527 eum
1804 2465 2055 2525 nimium
2104 2462 2249 2523 invi-

400 2538 611 2602 dorum
635 2541 910 2622 gaudium
944 2543 1207 2605 ostendit.
1230 2543 1450 2623 (Qum-r.
1483 2544 1786 2622 Cunr.,1x,
1808 2562 1862 2603 c.
1883 2547 1943 2604 7.

454 2680 501 2715 ¹⁸
520 2681 788 2730 Coronatus.
800 2683 1021 2739 Dioxippe
1038 2683 1187 2728 s'etait
1198 2696 1301 2739 pro-
1349 2690 1503 2729 trouve
1522 2683 1740 2735 arietare,
1758 2684 1893 2726 verbe
1914 2687 2087 2727 neutro.

403 2732 662 2780 bablement
676 2736 917 2790 couronne,
939 2749 999 2780 en
1016 2738 1225 2783 convenit
1242 2738 1299 2781 de
1405 2737 1450 2771 1¹⁷
1478 2735 1558 2779 Aa
1576 2734 1826 2779 ludibrium
1841 2735 2062 2790 recidisse,
2087 2749 2111 2775 α
2127 2734 2249 2782 n'eut

400 2797 452 2829 sa
464 2788 646 2833 vlotoire
663 2791 932 2845 olympique.
1353 2788 1495 2833 decha
1511 2787 1688 2843 jusqu’a
1713 2787 1852 2834 n'etre
1879 2790 2011 2845 qu'un
2042 2790 2168 2845 objet
2190 2792 2246 2835 de

462 2838 507 2873 ¹⁸
533 2837 732 2895 Nudum,
760 2855 838 2894 nu,
864 2841 1021 2887 cea-d.
1051 2855 1075 2881 ι
1094 2853 1199 2885 sans
1231 2854 1303 2885 ar-
1351 2841 1484 2886 rise'e.
1505 2856 1529 2882 ι
2006 2895 2016 2907 ⁶

404 2903 515 2980 ”5⁸3
529 2892 1304 3002 ἓῖἵιῧῇωέἶὲῧῗῇἶῗὲἶέἷῗέῑ
1354 2961 1376 2987 ‹
1394 2893 1669 2993 135121‘2'5‘02320
1678 2898 1762 3005 ⁶551
1778 2900 2248 3006 mamma:

404 3001 486 3044 fait
500 3000 658 3055 per-dre
684 3001 953 3056 l’e'quilibre3
976 3015 998 3040 »
1031 3001 1066 3045 ss
1088 3001 1153 3045 lui
1183 3003 1303 3044 avait
1351 3002 1501 3056 plomb
1518 3014 1605 3058 que
1622 3004 1666 3047 le
1683 3005 1832 3048 crime.
1850 3019 1873 3044 1»

407 3052 631 3097 donnenn
649 3066 759 3098 croc
775 3067 830 3097 en
860 3052 1007 3099 ‘ambe.
1407 3053 1451 3089 ¹⁹
1479 3054 1809 3113 Indignationis
1842 3069 1936 3100 mm
1973 3057 2249 3124 poenitentia

461 3104 506 3141 Ν
533 3106 774 3160 Aria-tavit,
808 3121 830 3146 ι
899 3108 941 3150 le
953 3109 1051 3161 jeta
1065 3108 1303 3151 rudement
1354 3110 1499 3151 terum
1532 3121 1634 3152 me.
1668 3124 1690 3149 ι
1707 3111 1867 3165 qu’elle
1897 3110 2009 3154 etan
2065 3111 2179 3155 lutdt
2200 3111 2247 3153 la

402 3160 437 3202 a
466 3162 597 3202 terre.
616 3173 640 3199 ι
670 3159 940 3225 Expressipn
965 3159 1036 3204 me
1113 3162 1299 3215 horique
1353 3173 1515 3216 preuve
1544 3163 1602 3207 de
1625 3163 1857 3207 l'honnenr
1874 3164 2034 3218 indign
2079 3176 2165 3219 que
2191 3164 2247 3205 du

401 3210 664 3274 erupi-antee
702 3225 760 3257 au
800 3214 942 3257 behet
995 3226 1040 3257 m
1126 3215 1136 3226 ·
1172 3225 1199 3257 e
1241 3215 1300 3257 de
1353 3215 1565 3258 remor-ds.
1582 3229 1606 3255 ›

405 3277 547 3321 siege.
564 3264 689 3312 Dan·
712 3265 919 3322 Se'neque
939 3244 1104 3323 (Epist.
1129 3265 1219 3322 107)
1238 3279 1299 3311 on
1407 3266 1454 3301 ²⁰
1488 3266 1666 3326 Utique,
1685 3265 1840 3312 cel-d.
1856 3269 2118 3324 prasertim.

752 3489 1017 3502 *—
