2525 3984
244 198 252 206 ,
324 188 404 248 02
813 162 817 169 ’
966 154 1525 239 NARRATIONES.

327 313 513 388 ribus,
535 312 652 373 sola
669 306 993 370 innocentia
1015 306 1224 367 vivere.
1255 327 1288 364 ι)
1324 307 1432 380 lta,
1455 305 1580 384 jam
1614 323 1717 363 sua
1749 312 1947 384 sponte
1972 304 2175 386 aegris⁸

329 392 537 456 animis
552 436 575 467 ,
616 387 782 470 legati
824 386 895 449 ab
941 384 1169 466 regibus
1227 382 1670 466 superveniunt,
1719 381 1840 444 sine
1888 384 2177 446 mentione

328 472 545 534 reditus
560 473 609 545 ⁹,
637 468 786 529 bona
812 473 1039 527 tantum
1058 472 1394 546 repetentes.
1427 465 1647 525 Eorum
1667 462 1838 524 verba
1877 472 2175 555 postquam

330 553 392 613 in
406 557 605 613 senatu
617 546 810 609 audita
822 553 978 620 suut,
986 564 1096 637 per
1108 545 1322 627 aliquot
1336 543 1455 605 dies
1467 563 1535 605 ea
1548 541 1881 603 consultatio
1894 550 2080 605 teniut
2093 546 2138 583 ¹⁰
2157 562 2175 606 ε

329 651 403 692 ne
431 651 546 690 non
561 631 608 668 ¹⁴
630 626 851 688 reddita
869 625 1003 687 belh
1032 645 1224 701 causa,
1252 623 1473 685 reddita
1497 621 1631 684 belli
1661 621 1899 684 materia
1924 631 1982 683 et
2007 623 2179 704 adju-

330 717 592 771 mentum
613 714 818 769 essent.
844 703 1083 766 Interim
1110 704 1278 785 legati
1300 702 1396 764 alii
1419 702 1530 764 alia
1555 701 1784 778 moliri,
1808 709 1997 782 aperte
2030 703 2182 765 bona

330 795 647 870 repetentes
664 832 687 864 ,
721 788 871 848 clam
904 781 1276 866 recuperandi
1315 782 1476 864 regni
1512 781 1745 843 consilia
1777 790 2016 843 struere.
2066 785 2180 859 Et,

330 878 429 930 tan
510 889 603 930 am
638 866 710 929 ad
741 865 802 925 id
836 864 989 956 quod
1018 862 1108 945 agi
1135 862 1458 937 videbatur,
1492 861 1806 923 ambientes
1822 865 1865 899 ¹³
1898 861 2180 924 nobilium

330 890 772 1009 ado‘lgseentium
794 964 1015 1005 animos
1036 949 1376 1025 pertentant.
1399 941 1450 1002 A
1471 941 1678 1023 quibus
1706 939 1922 1021 placide
1937 945 1981 980 ¹⁸
2002 940 2182 1004 oratic-

331 1048 460 1088 acce
502 1034 560 1086 ta
588 1034 708 1102 est3
730 1022 822 1084 his
849 1023 1062 1085 litteras
1094 1021 1166 1084 ab
1194 1020 1519 1103 Tarquiniis
1541 1020 1828 1082 reddunt:
1852 1028 1909 1082 et
1937 1023 2008 1081 de
2028 1021 2183 1084 acci-

332 1106 465 1187 pien
506 1104 556 1165 is
582 1106 731 1166 clam
753 1111 917 1165 nocte
936 1103 997 1162 in
1019 1101 1222 1163 urbem
1244 1101 1473 1182 regibus
1492 1103 1914 1183 colloquuntur.

412 1183 681 1260 Vitelliis,
706 1181 1061 1264 Aquiliisque
1089 1181 1358 1243 fratribus
1392 1180 1581 1262 primo
1615 1180 1920 1242 commissa
1951 1201 2041 1243 res
2075 1190 2180 1243 est.

274 1278 280 1284 ’
332 1260 692 1326 'Vitelliorum
722 1283 882 1323 soror
910 1260 1127 1323 consuli
1156 1269 1338 1342 nupta
1362 1263 1542 1323 Bruto
1575 1268 1721 1338 erat,
1759 1261 1985 1342 ’amque
2017 1282 2085 1323 ex
2117 1282 2186 1323 eo

333 1342 703 1405 matrimonio
735 1341 1111 1403 adolescentes
1144 1348 1308 1402 erant
1342 1339 1531 1417 liberi,
1562 1339 1724 1401 Titus
1811 1340 2135 1423 iberiusque
2164 1358 2182 1403 ε

331 1445 427 1485 eos
441 1443 666 1505 quoque
682 1422 744 1482 in
758 1420 1083 1483 societatem
1094 1419 1315 1482 consilii
1330 1419 1596 1481 avunculi
1610 1428 1929 1482 assumunt.
1949 1420 2188 1483 Interim

333 1524 515 1585 quum
549 1502 611 1564 in
646 1509 845 1564 senatu
877 1499 1102 1562 vicisset
1130 1500 1434 1576 sententia,
1463 1520 1590 1583 quae
1618 1501 1880 1561 censebat
1907 1500 2191 1563 reddenda

334 1583 505 1659 bona,
523 1603 765 1664 eamque
785 1581 804 1641 i
848 1601 972 1643 sam
991 1600 1223 1643 causam
1244 1599 1419 1642 morae
1440 1578 1503 1641 in
1530 1578 1673 1641 urbe
1698 1581 1973 1641 haberent
1994 1580 2188 1661 legati,

333 1663 483 1743 quod
499 1662 749 1744 spatium
769 1602 845 1722 ag
857 1659 1115 1723 vehicula
1135 1659 1560 1742 comparandae
1582 1659 1906 1721 consulibus
1919 1659 2193 1741 sumpsis-

334 1751 457 1803 sent
471 1742 541 1818 ¹⁸,
574 1742 782 1834 quibus
803 1761 1006 1823 regum
1026 1761 1086 1802 as
1161 1747 1377 1802 rtarent
1397 1760 1511 1816 reS,
1530 1740 1699 1800 omne
1718 1738 1784 1805 ,id
1810 1747 2037 1820 tempus
2056 1760 2191 1802 cum

333 1823 642 1901 conjuratis
664 1821 1034 1883 consultando
1136 1826 1404 1894 sumunt,
1427 1818 1805 1901 evincuntque
1839 1819 2101 1880 instando
2118 1822 2188 1895 ¹⁸,

334 1909 399 1960 ut
430 1901 630 1962 litterae
662 1899 770 1961 sibi
805 1899 876 1960 ad
912 1898 1250 1980 Tarquinios
1288 1896 1559 1960 darentur
1595 1916 1613 1961 z
1654 1921 1685 1958 ε(
1719 1918 1856 1960 nam
1896 1898 2061 1961 aliter
2094 1920 2194 2023 qui

335 1980 650 2041 credituros
662 2000 757 2041 eos
762 2025 783 2056 ,
792 1979 910 2041 non
922 1999 1067 2040 vana
1078 1978 1149 2040 ab
1163 1978 1360 2059 legatis
1374 1999 1546 2058 super
1555 1978 1725 2039 rebus
1738 1978 1910 2040 tantis
1925 1979 2140 2041 afferri.
2156 2001 2187 2040 >³

334 2061 490 2120 Datae
525 2059 726 2121 litterae
742 2103 764 2134 ,
800 2068 866 2119 ut
900 2058 1107 2139 pignus
1140 2057 1272 2119 fidei
1311 2065 1497 2121 essent
1514 2102 1535 2135 ,
1570 2058 1941 2121 manifestum
1976 2058 2196 2121 facinus

335 2138 614 2199 fecerunt.
661 2140 808 2198 Nam
844 2157 1026 2218 quum
1042 2181 1064 2213 ,
1105 2137 1288 2217 pridie
1329 2158 1505 2219 quam
1539 2139 1591 2200 le
1629 2137 1706 2198 ati
1748 2137 1819 2199 ad
1856 2138 2196 2221 Tarquinios

335 2216 850 2308 proficiscerentur,
873 2224 930 2277 et
951 2223 1238 2278 coenatum
1260 2217 1405 2279 forte
1425 2217 1577 2299 apud
1594 2160 1851 2279 §itellios
1871 2227 2039 2295 esset,
2065 2240 2198 2281 con-

334 2295 619 2378 juratique
640 2296 747 2373 ibi,
769 2295 1003 2358 remotis
1031 2295 1285 2374 arbitriS,
1319 2299 1506 2359 multa
1539 2296 1691 2359 inter
1719 2318 1803 2374 se,
1825 2297 1895 2359 de
1928 2319 2101 2375 novo,
2132 2307 2199 2360 ut

334 2375 438 2453 fit,
476 2375 710 2438 consilio
757 2376 1002 2458 egissent
1017 2392 1038 2455 3
1089 2396 1412 2439 sermonem
1461 2397 1662 2440 eorum
1706 2398 1778 2439 ex
1831 2377 2004 2439 servis
2045 2399 2197 2440 unus

335 2455 577 2537 excepit,
600 2456 697 2539 qui
713 2457 836 2538 jam
856 2465 1023 2519 antea
1041 2455 1101 2517 id
1122 2465 1372 2519 senserat
1391 2455 1482 2538 agi
1508 2475 1526 2519 τ
1551 2457 1649 2518 sed
1668 2478 1798 2520 eam
1820 2458 2198 2535 occasionem,

335 2544 401 2597 ut
422 2536 622 2599 litterae
651 2536 849 2619 legatis
873 2537 1168 2614 darentur,
1190 2557 1319 2618 quae
1340 2537 1704 2618 deprehensae
1733 2559 1856 2600 rem
1893 2559 2200 2622 coarguere

336 2627 596 2697 possent,
625 2617 998 2699 exspectabat.
1032 2618 1163 2677 Post
1245 2637 1340 2678 am
1359 2616 1519 2678 datas
1553 2617 1760 2695 sensit,
1794 2639 1921 2680 rem
1947 2619 2020 2680 ad
2056 2640 2202 2680 con-

336 2697 486 2758 sules
505 2698 730 2760 detulit.
756 2696 1028 2759 Consules
1056 2696 1128 2758 ad
1200 2696 1661 2777 eprehendendos
1689 2698 1900 2779 legatos
1923 2698 2201 2780 conjura-

337 2784 536 2856 tosque
570 2777 806 2856 profecti
827 2777 999 2840 domo
1015 2778 1085 2854 ¹⁶,
1111 2775 1235 2839 sine
1255 2778 1510 2839 tumultu
1544 2798 1670 2839 rem
1696 2798 1930 2841 omnem
1958 2800 2201 2861 oppres-

391 2954 413 2989 8
441 2955 478 2998 J
477 2967 550 2998 am
577 2968 669 3003 m
706 2961 858 3023 sponte
890 2959 1039 3014 narie,
1076 2974 1102 3000 ι
1134 2961 1240 3016 «1έῇ
1291 2963 1486 3008 marche.
1507 2963 1666 3008 ι-Δᾱ
1683 2963 1747 3017 ia,
1782 2965 1898 3008 dans
1928 2964 1974 3008 le
2003 2976 2113 3009 sens
2144 2965 2202 3008 de

338 3010 685 3052 naturellement
707 3022 857 3063 mgna.
878 3025 902 3050 ›
1294 3015 1347 3059 ob
1369 3016 1432 3059 id,

390 3062 412 3095 ⁹
440 3061 548 3104 Sine
582 3063 798 3104 mentione
827 3063 1018 3118 reditus,
1073 3080 1097 3105 ‹
1133 3079 1239 3111 sans
1348 3069 1393 3103 ¹³
1419 3068 1626 3125 Placide,
1668 3086 1692 3111 ‹
1727 3082 1836 3117 avec
1870 3073 2049 3125 faveur,
2092 3082 2200 3115 avec

338 3115 523 3158 toucher
540 3113 569 3157 ὸ,
584 3115 632 3157 la
650 3118 854 3170 question
876 3118 936 3161 du
951 3122 1117 3174 retour,
1138 3133 1162 3158 ν
1182 3122 1238 3164 de
1295 3125 1636 3177 complaisance.
1665 3139 1689 3163 2
1736 3141 1749 3147 ³

344 3171 390 3214 la
399 3171 693 3232 restam-apion
716 3169 951 3233 (des-tois).
1349 3175 1395 3208 1¹⁰
1426 3176 1554 3224 Quod
1581 3178 1776 3233 spatium
1798 3177 2153 3232 sumpsissem...
2174 3188 2205 3219 a

393 3220 439 3254 ¹⁰
465 3220 636 3271 Tenmt,
652 3235 764 3277 pour
779 3222 996 3280 dutmuit,
1012 3227 1242 3284 occupavit
1295 3228 1560 3273 consulibus.
1586 3244 1607 3269 ι
1628 3232 1814 3275 attendu
1831 3244 1917 3284 que
1937 3233 2004 3274 les
2023 3231 2203 3274 consuls

343 3272 622 3327 (senatores).
1294 3285 1473 3325 avaient
1508 3281 1566 3326 du
1599 3285 1696 3328 leur
1730 3286 1942 3328 accorder
1975 3297 2038 3328 un
2084 3282 2205 3326 delui

394 3325 438 3359 11
467 3327 538 3371 Ne
555 3340 660 3376 non,
681 3333 1003 3376 sous-entendu
1022 3336 1238 3386 verentes,
1294 3337 1497 3378 suffisant
1513 3350 1674 3390 pour...
1694 3352 1717 3376 ›

343 3373 552 3424 timentes.
1350 3387 1395 3421 1⁸
1422 3388 1648 3433 Evincunt
1671 3390 1896 3441 instando,
1919 3404 1942 3428 ‹
1975 3391 2032 3433 ils
2067 3391 2206 3432 tirent

398 3431 441 3465 1²
476 3434 708 3491 Tanquam
742 3436 804 3478 ad
835 3435 933 3481 id...
970 3436 1203 3481 ambientes
1225 3470 1239 3489 ,
1295 3441 1375 3484 des
1392 3444 1596 3495 conjures
1613 3443 1779 3487 &force
1808 3445 2152 3486 d'insistance...
2173 3455 2197 3480 ›

341 3496 402 3527 m.
422 3484 450 3528 ὲ
466 3499 525 3529 m.
550 3503 572 3525 ε
604 3489 671 3530 les
703 3495 955 3553 entem-ant,
978 3491 1047 3533 les
1072 3493 1245 3534 cimon-
1350 3493 1395 3526 ¹⁶
1424 3493 1626 3566 Profecti
1661 3497 1808 3547 domo,
1829 3498 1913 3539 ale
1932 3496 2077 3540 meme
2098 3507 2207 3539 sens

343 3546 523 3592 venant,
546 3552 716 3602 comme
745 3541 815 3583 s'il
848 3543 1004 3585 n'etast
1063 3546 1239 3587 uestion
1293 3546 1351 3588 ici
1384 3559 1469 3600 que
1490 3550 1560 3591 sil
1576 3561 1608 3604 y
1627 3552 1745 3595 avait
1771 3549 2039 3606 prodeuntes
2054 3548 2103 3592 in
2116 3560 2209 3606 pu—

347 3599 432 3641 que
459 3593 516 3635 de
537 3592 694 3646 l'obJet
723 3600 942 3646 apparent
970 3594 1027 3638 de
1070 3608 1150 3639 eur
1167 3595 1246 3639 ἀό-
1301 3597 1471 3642 blicam.
