2525 3984
300 134 416 194 108
934 136 979 190 Ν
990 130 1489 191 ARRATIONES.

298 262 495 338 main,
539 262 675 344 quia
711 261 794 321 illi
833 261 895 321 in
940 269 1095 326 tanto
1130 262 1285 326 malo
1327 261 1509 342 turpis
1559 261 1675 324 vita
1712 264 1866 325 fama
1918 264 2138 349 integra

297 341 504 423 potior,
531 341 823 420 improbus
848 340 1294 422 intestabilisque
1307 345 1353 377 '¹
1375 342 1618 402 videtur.
2124 365 2131 372 ·

333 463 349 480 ι
375 423 630 483 Metellus
648 464 668 495 ,
715 429 1012 501 postquam
1056 420 1127 481 de
1174 420 1344 482 rebus
1400 422 1595 481 Vaccae
1644 420 1780 482 actis
1821 426 2136 515 comperit,

296 500 602 581 paullisper
631 507 865 560 moestus
892 519 925 560 e
960 508 1261 581 conspectu
1278 502 1323 536 ¹³
1363 498 1481 560 abit
1509 517 1524 561 ε
1558 498 1785 580 deinde,‘
1826 501 1925 562 ubi
1965 524 2051 567 ira
2079 515 2136 567 et

292 578 568 672 aegritudo
622 578 899 660 permixta
933 586 1097 656 sunt,
1133 599 1268 640 cum
1308 579 1577 640 maxuma
1605 594 1609 598 “
1635 600 1771 641 cura
1812 583 2005 642 ultum
2051 584 2136 645 ire

293 657 531 739 injurias
570 658 822 718 festinat.-
846 657 1183 738 Legionem,
1204 677 1336 719 cum
1364 677 1477 738 qua
1509 657 1821 734 hiemabat,
1848 669 1928 736 et,
1959 683 2134 743 quam

294 736 568 817 plurimos
680 744 821 812 test,
867 736 1143 799 Numidas
1177 737 1396 818 equites
1418 738 1465 773 ¹⁸
1503 738 1715 818 pariter
1755 759 1892 800 cum
1931 760 2134 804 occasu

291 816 424 877 solis
458 837 593 897 expe
634 817 741 876 itos
779 815 1006 878 educit:
1052 823 1109 876 et
1147 824 1370 897 postera
1400 814 1491 877 die
1517 815 1743 878 circiter
1775 818 1977 884 horam
2011 827 2133 881 ter-

292 895 433 957 tiam
448 897 495 932 ²⁸
527 894 780 975 pervenit
805 895 867 955 in
907 893 1193 978 quandam
1217 893 1517 985 ‘planitiem
1535 940 1555 971 ,
1592 895 1728 958 locis
1756 897 1941 977 paullo
1967 919 2135 980 supe-

293 974 538 1035 riom'bus
561 973 1028 1036 circumventam.
1051 973 1138 1036 Ibi
1166 973 1377 1035 milites
1401 975 1573 1035 fessos
1600 974 1821 1036 itineris
1846 978 2129 1058 magnitu-

291 1052 454 1130 dine,
490 1061 546 1114 et
573 1054 695 1133 jam
724 1053 1021 1114 abnuentis
1052 1052 1244 1115 omnia
1263 1054 1336 1129 ⁸⁸,
1368 1053 1530 1114 docet
1563 1053 1857 1135 oppidum.
1888 1057 2130 1119 Vaccam

293 1153 408 1193 non
429 1132 674 1213 amplius
688 1132 843 1193 mille
853 1153 1133 1223 passuum
1145 1134 1191 1170 ¹¹
1220 1132 1411 1194 abesse
1436 1150 1461 1194 t
1488 1132 1684 1194 decere
1706 1134 1831 1195 illos
1844 1134 2128 1218 reliquum

289 1211 541 1274 laborem
580 1231 742 1292 aequo
775 1232 966 1272 ammo
1012 1212 1161 1292 pati,
1201 1211 1341 1271 dum
1389 1232 1492 1292 pro
1535 1209 1752 1274 civibus
1799 1213 1938 1289 suis,
1994 1215 2128 1275 viris

290 1289 630 1351 fortissumis
671 1300 838 1371 atque
871 1289 1225 1351 miserrumis
1236 1335 1256 1366 ,
1288 1311 1480 1371 poenas
1519 1299 1781 1371 caperent
1810 1310 1827 1353 ε
1861 1302 2130 1373 praeterea

290 1368 540 1448 praedam
572 1369 813 1459 benigne
831 1372 878 1407 ⁸⁸
918 1377 1179 1431 ostentat.
1234 1368 1329 1430 Sic
1374 1369 1580 1431 animis
1620 1389 1817 1431 eorum
1859 1373 2126 1449 arrectis,

289 1447 505 1528 equites
549 1448 607 1508 in
645 1468 829 1528 prlmo
862 1450 1053 1525 late²⁹‚
1094 1448 1309 1530 pedites
1343 1469 1518 1530 quam
1572 1449 1902 1511 arctissume
1916 1451 1966 1489 '⁰
2018 1451 2128 1528 ire,

288 1525 448 1606 signa
477 1530 755 1588 occultare
780 1527 962 1619 jubet.
2042 1597 2063 1610 „

366 1607 669 1668 Vaccenses
707 1605 804 1666 ubi
836 1607 1097 1668 animum
1128 1605 1420 1668 advortere
1458 1605 1529 1668 ad
1563 1626 1622 1668 se
1654 1626 1887 1669 vorsum
1918 1618 2128 1670 exerci-

288 1692 413 1745 tum
435 1706 687 1766 pergere,
713 1685 921 1765 primo,
944 1686 1028 1747 uti
1052 1694 1171 1747 erat
1193 1706 1282 1746 res
1286 1730 1307 1761 ,
1332 1688 1621 1747 Metellum
1643 1707 1760 1748 esse
1781 1697 1913 1764 rati,
1939 1691 2127 1769 portas

287 1765 568 1841 clausere3
601 1763 803 1825 deinde
813 1810 834 1842 ‚
864 1765 963 1826 ubi
991 1784 1174 1846 neque
1195 1785 1360 1846 agros
1384 1765 1587 1826 vastari
1612 1776 1668 1825 et
1686 1787 1804 1841 eos,
1830 1787 1930 1848 qul
1950 1789 2121 1851 primi

286 1842 540 1919 aderant,
567 1843 842 1904 Numidas
868 1843 1083 1926 equites
1101 1843 1319 1921 vident,
1346 1851 1577 1905 rursum
1602 1845 1631 1903 J
1637 1846 1941 1924 ugurtham
1976 1846 2127 1907 arbi-

291 1920 443 1998 trati,
464 1943 598 1983 cum
630 1944 834 2003 magno
861 1923 1063 2004 gaudio
1088 1922 1237 1985 obvii
1257 1923 1594 2015 procedunt.
1634 1922 1865 2003 Equites
1886 1925 2127 2005 pedites-

285 2020 436 2084 que,
495 2010 721 2081 repente
774 2001 932 2082 signo
978 2002 1109 2065 dato
1132 2047 1150 2075 ,
1198 2003 1297 2064 alu
1348 2004 1573 2082 volgum
1617 2004 1864 2063 effusum
1918 2004 2125 2086 oppido

286 2078 539 2157 caedere3
570 2080 664 2142 alii
710 2080 779 2142 ad
820 2089 1008 2161 portas
1050 2081 1355 2158 festinare3
1393 2102 1521 2161 pars
1556 2084 1729 2142 turris
1764 2102 1962 2163 capere
1974 2101 1996 2162 3
2040 2083 2125 2144 ira

286 2163 455 2238 atque
481 2159 682 2237 praedae
711 2180 833 2240 spes
854 2160 1100 2241 amplius
1120 2182 1295 2241 quam
1322 2159 1590 2220 lassitudo
1613 2180 1793 2239 posse.

366 2238 453 2297 lta
477 2240 779 2299 Vaccenses
818 2239 1061 2300 biduum
1093 2240 1262 2301 modo
1301 2258 1369 2299 ex
1403 2237 1637 2318 pertidia
1673 2240 1844 2300 laetati
1883 2258 1900 2302 t
1928 2241 2124 2303 civitas

287 2334 494 2395 magna
513 2325 569 2377 et
604 2320 835 2396 opulens
859 2326 1061 2380 cuncta
1081 2339 1266 2409 poenoe
1288 2326 1388 2378 aut
1415 2316 1618 2398 praedoe
1647 2316 1773 2377 fuit.
1807 2319 2122 2459 TurpiliuS,

286 2415 458 2477 quem
515 2398 844 2477 praefectum
907 2397 1098 2479 oppidi
1152 2418 1336 2458 unum
1382 2417 1450 2458 ex
1503 2394 1770 2457 omnibus
1815 2420 1916 2480 pro
1941 2400 2126 2480 ugisse

285 2494 458 2554 supra
485 2475 871 2552 ostendimus,
897 2477 1088 2557 jussus
1125 2497 1158 2537 a
1195 2478 1419 2537 Metello
1447 2494 1677 2537 causam
1717 2476 1938 2555 dicere,
1975 2487 2126 2561 post-

285 2573 459 2635 quam
508 2576 625 2618 sese
664 2576 869 2638 parum
900 2563 1206 2636 expurgat,
1248 2555 1654 2617 condemnatus
1691 2557 2134 2637 verberatusque

337 2778 383 2813 ²¹
412 2779 567 2824 Nisi...
595 2780 778 2826 videtur
816 2783 973 2827 cea-d·
1002 2783 1053 2826 id
1075 2786 1176 2825 tan·
1282 2782 1329 2817 ²⁶
1357 2784 1619 2828 Abnuenteae
1635 2785 1796 2837 omnia,
1817 2797 1840 2822 ‹
1858 2798 1908 2829 se
1923 2788 2125 2832 temnant

287 2834 380 2876 tum
398 2832 557 2875 ecimus
573 2832 699 2895 illum
716 2815 910 2881 videri...
1229 2834 1259 2880 ὲ
1274 2841 1372 2880 tout
1403 2853 1425 2877 ›
1443 2850 1501 2880 ne
1519 2840 1698 2881 roulant
1716 2840 1812 2891 plus
1829 2840 2041 2884 marcher.

339 2883 387 2917 ²²
411 2884 706 2948 Intqsutabtlts,
727 2902 749 2924 ‹
767 2901 828 2930 nn
846 2889 1019 2933 homme
1036 2885 1173 2932 tare.»
1284 2888 1329 2925 ⁸7
1359 2869 1490 2933 Mille
1514 2903 1740 2945 pau-uum.
1764 2891 1953 2946 Passus,
1966 2906 2028 2937 un
2044 2906 2127 2949 pas

284 2936 581 2989 Inteaetalnlw,
610 2946 904 3000 proprement,
932 2944 1046 2996 «qui
1063 2942 1179 2984 n'est
1229 2942 1287 2986 de
1320 2945 1421 3006 cinq
1480 2945 1593 2994 tede,
1622 2955 1680 2986 ou
1704 2944 1894 2998 l'espace
1926 2951 2051 2991 entre
2080 2950 2124 2991 le

318 3001 367 3033 as
397 2991 537 3033 admis
569 2991 596 3033 a
633 2998 780 3044 portei-
809 2996 1111 3058 temoignage,
1148 2993 1177 3038 a
1228 2997 1358 3048 point
1373 3008 1432 3039 ou
1451 2956 1493 3038 fe
1516 2998 1620 3049 pied
1636 3009 1685 3039 se
1702 2997 1800 3040 leve
1819 3004 1867 3042 et
1883 3000 1999 3043 celui
2016 3000 2074 3044 ou
2090 3002 2133 3044 il.

413 3055 493 3085 son
513 3051 765 3094 testament.
782 3044 1041 3090 arecueinir
1053 3048 1177 3103 quel·
1229 3059 1280 3090 se
1310 3060 1433 3101 pose.
1466 3049 1550 3091 Les
1585 3051 1706 3092 mille
1731 3064 1810 3103 pas
1842 3053 2035 3095 romains
2050 3063 2124 3095 va-

287 3106 375 3151 que
392 3095 526 3139 chose
545 3112 622 3151 par
640 3103 889 3140 testament.
908 3112 931 3137 ι
1146 3151 1156 3162 ·
1228 3100 1371 3143 laient
1395 3101 1413 3143 l
1433 3101 1666 3161 kilometre
1685 3104 1761 3145 481
1785 3104 1963 3147 meti-es.

299 3200 304 3204 .
338 3145 386 3182 ¹⁸
411 3146 458 3191 E
475 3152 726 3207 conspeetu,
753 3154 1075 3195 sous-entendu
1096 3163 1178 3194 m·-
1283 3151 1328 3185 ¹⁸
1359 3151 1571 3207 Bemyne,
1592 3166 1614 3191 ‹
1632 3167 1739 3198 avec
1752 3157 2119 3209 complaisance.»

294 3200 433 3246 citum.
1282 3203 1329 3239 ¹⁹
1357 3204 1415 3248 ln
1438 3207 1600 3261 primo,
1629 3209 1953 3250 sous-entendu
1977 3207 2121 3262 aymi-

339 3252 387 3287 ’ὁ
415 3252 639 3298 Numidas
662 3266 683 3296 e
716 3253 829 3295 uites
862 3255 941 3298 des
963 3256 1176 3302 cavallera
1228 3268 1298 3309 ne,
1319 3270 1409 3301 «en
1426 3258 1641 3312 premiere
1660 3261 1802 3313 ligne;
1817 3255 1996 3309 ι--ζὶαίε
2019 3271 2122 3302 «sur

287 3305 396 3350 tire'a
426 3309 486 3350 du
517 3318 643 3361 corps
708 3318 758 3350 es
838 3309 1010 3351 nunides
1055 3311 1178 3353 uut-
1229 3323 1291 3353 un
1306 3312 1423 3354 from
1437 3311 1615 3360 etendu.
1637 3327 1658 3352 ι

289 3359 456 3403 liaires.
1289 3362 1335 3397 ⁸⁰
1366 3365 1507 3411 Quam
1524 3365 1806 3416 aretinum«,
1843 3377 1865 3402 ι
1898 3376 1957 3407 en
1989 3374 2122 3416 range

341 3410 388 3443 ²⁸
413 3411 467 3454 H
467 3426 590 3457 oram
603 3415 793 3467 tertiam,
813 3426 836 3452 e
851 3413 881 3459 a
894 3414 942 3459 la
953 3413 1179 3459 uoisieme
1231 3415 1339 3459 bien
1357 3417 1591 3468 serres-,de
1599 3416 1794 3459 muniere
1811 3414 1841 3459 ὲ
1855 3427 1905 3459 ae
1920 3415 2124 3459 dissimu-

287 3464 425 3508 heure
441 3467 500 3508 dn
510 3468 626 3523 jour,
644 3481 667 3507 ι
685 3466 843 3513 oded.
862 3466 890 3511 ὸ
901 3470 1011 3512 neus
1019 3468 1181 3512 heure:
1225 3473 1295 3515 ler
1313 3473 1510 3516 den-iere
1529 3475 1595 3516 les
1612 3472 1845 3532 cavaliers.
1857 3468 2133 3516 arctissimo

290 3516 351 3562 du
365 3519 520 3565 motin.
1227 3537 1400 3571 comme
1421 3525 1680 3571 densissimo
1700 3523 1878 3571 ordme-
