2525 3984
954 172 1506 248 NAnaArtoNEs.
2035 190 2153 250 279

311 319 581 385 consultis
607 317 944 395 senioribus,
967 326 1025 380 et
1045 317 1378 381 auctoritate
1399 336 1602 380 eorum
1624 316 1886 400 praesidio
1913 317 1983 379 ad
2006 318 2152 380 fores

314 400 493 491 posito
511 444 533 475 ,
575 391 877 480 ingressos
902 397 1122 460 curiam
1159 397 1521 460 Themistum
1566 417 1631 459 ac
1677 397 2152 460 Andranodorum

314 481 711 540 interfecerunt
736 494 752 539 τ
777 486 833 539 et
859 498 1043 561 quum
1071 478 1351 539 tumultus
1381 477 1452 551 ab
1479 497 1542 539 re
1554 477 1602 514 θ’
1632 475 1693 539 in
1720 475 1968 558 speciem
1992 484 2153 540 atro-

312 557 487 634 ciere,
513 577 739 619 causam
765 552 891 619 aliis
928 556 1340 647 ignorantibus»,
1369 564 1526 618 ortus
1553 565 1733 631 esset,
1762 556 1984 619 silentio
2019 564 2154 618 tan-

312 642 442 699 dem
476 640 646 715 facto,
677 637 927 699 indicem
963 657 1024 697 in
1059 635 1283 700 curiam
1322 635 1778 698 introduxerunt.
1817 635 1929 709 Qui
1968 656 2152 718 quum

312 717 506 778 ordine
531 717 726 779 omnia
754 714 1102 793 edocuisset,
1132 725 1189 778 et
1263 714 1571 798 rincipium
1598 715 2004 805 conjurationis
2025 716 2151 776 fac—

309 804 435 857 tum
463 797 535 858 ab
567 795 893 860 Harmoniae
921 795 1147 859 Gelonis
1172 797 1213 856 fi
1255 816 1304 857 ae
1338 795 1592 877 nuptiis,
1619 795 1825 885 quibus
1860 794 2154 856 Themisto

300 880 502 953 juncta
521 886 700 954 esset3
722 878 995 938 Afrorum
1016 874 1515 957 Hispanorumque
1532 873 1830 937 auxiliares
1848 873 2152 936 instructos

306 955 379 1016 ad
437 954 649 1017 caedem
714 965 1022 1036 praetorum
1071 955 1511 1037 principumque
1561 953 1841 1031 aliorum3
1894 952 2154 1034 bonaque

306 1054 509 1095 eorum
542 1034 743 1116 praedae
783 1036 977 1099 futura
1015 1034 1468 1097 interfectoribus
1509 1033 1981 1115 pronuntiatum3
2039 1032 2150 1093 ‘am

307 1113 791 1176 mercenariorum
838 1135 1077 1177 manum
1130 1121 1413 1177 assuetam
1454 1112 1707 1195 imperiis
1754 1112 1990 1174 Andran
2066 1112 2147 1174 ori

344 1202 560 1257 aratam
603 1192 773 1255 fuisse
812 1194 884 1256 ad
923 1194 1169 1261 insulam
1210 1214 1408 1256 rursus
1454 1191 1878 1275 occupandam3
1930 1192 2152 1273 singula

302 1214 527 1349 deinde,
544 1293 672 1354 quae
687 1294 788 1355 per
801 1294 1052 1356 quosque
1067 1282 1394 1357 agerentur,
1410 1280 1699 1354 totamque
1714 1271 1850 1334 viris
1864 1271 2151 1353 armisque

304 1352 637 1413 instructam
666 1353 1113 1433 conjurationem
1151 1362 1282 1415 ante
1309 1354 1502 1416 oculos
1540 1351 1846 1434 possuisset
1881 1370 1898 1414 t
1929 1351 2146 1414 senatui

307 1431 540 1512 quidem
566 1439 685 1493 tam
716 1431 847 1513 jure
878 1432 1002 1495 caesi
1016 1477 1037 1508 ,
1074 1452 1249 1515 quam
1280 1433 1661 1514 Hieronymus
1678 1477 1699 1509 ‚
1727 1431 2064 1494 videbantur
2075 1433 2144 1491 ⁷⁰.

380 1512 527 1572 Ante
543 1511 761 1573 curiam
780 1510 945 1574 variae
958 1521 1125 1602 atque
1136 1511 1368 1574 incertae
1384 1532 1583 1575 rerum
1614 1511 2001 1572 multitudinis
2028 1512 2150 1572 cla-

304 1610 431 1651 mor
467 1598 605 1652 erat.
644 1593 830 1665 Quam
870 1592 1131 1653 ferociter
1157 1589 1521 1653 minitantem
1547 1590 1611 1652 in
1634 1590 1911 1651 vestibulo
1945 1588 2116 1651 curiae
2130 1635 2149 1665 ‚

300 1671 580 1751 corpora⁷¹
606 1666 1033 1751 conjuratorum
1054 1691 1120 1732 eo
1147 1677 1308 1731 metu
1334 1677 1813 1751 compresserunt,
1834 1678 1900 1731 ut
1926 1669 2152 1729 silentes

301 1749 584 1831 integram
637 1751 862 1832 plebem
876 1753 923 1788 ⁷¹
970 1749 1035 1812 in
1081 1749 1415 1812 concionem
1466 1756 1856 1832 sequerentur.
1915 1750 2151 1829 Sopatro

227 1850 250 1861 ··
301 1829 634 1891 mandatum
670 1831 741 1892 ab
776 1836 975 1892 senatu
1011 1836 1069 1891 et
1111 1829 1182 1892 ab
1218 1829 1446 1911 collegis
1462 1874 1484 1906 ,
1523 1836 1589 1889 ut
1623 1828 1793 1890 verba
1824 1830 2052 1889 faceret.
2099 1830 2151 1888 Is

302 1915 573 1990 tanquam
586 1929 709 1971 reos
730 1918 920 1991 ageret
930 1909 1005 1987 ⁸²⁸,
1026 1908 1098 1971 ab
1113 1916 1370 1973 anteacta
1385 1908 1502 1970 vita
1518 1928 1679 1970 orsus
1692 1909 1764 1984 ⁷⁸,
1797 1926 2149 1990 quaecunque

298 1995 425 2068 post
464 1988 726 2050 Hieronis
770 1997 1015 2051 mortem
1058 1989 1288 2050 sceleste
1322 1996 1490 2070 atque
1530 1987 1705 2069 impie
1744 1989 1890 2049 sacta
1931 1994 2149 2062 essent,

299 2065 778 2129 Andranodorum
808 2087 874 2130 ac
902 2066 1263 2129 Themistum
1288 2067 1476 2150 arguit
1502 2066 1719 2130 fecisse.
1755 2089 1787 2127 α
1816 2065 1965 2140 Quid
1993 2066 2149 2127 enim

298 2166 403 2208 sua
425 2154 622 2228 sponte
643 2145 837 2209 fecisse
870 2147 1285 2229 Hieronymum
1312 2168 1558 2229 puerum
1582 2167 1649 2209 ac
1673 2146 1906 2208 vixdum
1935 2146 2150 2227 pubes-

299 2234 520 2287 centem
561 2228 743 2288 sacere
785 2226 1073 2308 potuisse?
1121 2228 1362 2288 Tutores
1408 2246 1473 2289 ac
1520 2226 1819 2307 magistros
1872 2225 1994 2305 ejus
2040 2227 2145 2286 sub

298 2304 481 2367 aliena
513 2305 787 2367 invidia'¹⁸
811 2325 1072 2387 regnasse
1102 2323 1119 2368 ε
1160 2304 1353 2388 itaque
1394 2314 1496 2368 aut
1537 2315 1666 2368 ante
1705 2305 2146 2386 Hieronymum,

295 2391 397 2444 aut
437 2393 584 2446 certe
618 2405 754 2446 cum
805 2384 1146 2467 Hieronymo
1164 2429 1186 2461 ,
1224 2385 1411 2466 perire
1450 2405 1545 2447 eos
1583 2384 1862 2447 debuisse.
1906 2387 1982 2445 At
2023 2384 2146 2444 illos

298 2461 517 2525 debitos
551 2463 675 2543 jam
708 2463 885 2524 morti
919 2462 1224 2526 destinatos
1307 2464 1422 2540 02⁷⁶,
1450 2464 1559 2526 alia
1601 2485 1746 2529 nova
1779 2466 1988 2526 scelera
2023 2472 2147 2542 post

295 2547 545 2603 mortem
584 2542 813 2613 tyranni
850 2541 1077 2600 molitos
1118 2560 1136 2600 ε
1176 2558 1250 2616 pa
1275 2560 1369 2601 am
1408 2548 1593 2617 primo
1621 2546 1687 2618 ⁷⁷,
1726 2564 1909 2620 quum
1945 2548 2153 2617 clausis

201 2674 212 2683 .
296 2623 742 2682 Andranadorus
766 2622 971 2681 insuloe
998 2624 1183 2696 portir
1210 2624 1594 2683 hereditatem
1621 2629 1788 2699 regni
1815 2628 2061 2685 creverit
2079 2626 2143 2696 ⁷⁸,

359 2753 403 2790 ⁶9
430 2754 503 2798 Ab
533 2765 601 2810 ee,
634 2766 804 2801 comme
837 2756 908 2800 s'u
937 2769 969 2811 y
998 2759 1119 2805 avait
1150 2756 1203 2801 ob
1255 2770 1341 2823 son
1373 2760 1535 2802 exorde
1567 2759 1625 2802 de
1652 2753 1751 2800 leur
1782 2758 1990 2802 constuite
2029 2757 2154 2801 ante-

307 2820 413 2896 Νῃ).
433 2859 621 2904 Senatui
642 2859 911 2906 videbantur
927 2861 1042 2916 cad,
1066 2876 1089 2902 ‹
1107 2863 1207 2906 leur
1254 2824 1480 2907 Πῗὶιξῗὲιῖὀ
1491 2811 1900 2913 (αἵὲἶῆἕὲιιῖὶὶᾶιῗξῖ
1917 2810 2154 2908 exdoftgiffii

307 2921 423 2957 mort
437 2919 569 2967 parnt
592 2925 679 2956 aux
697 2912 982 2960 senateurs...
999 2930 1024 2955 ν
1051 2915 1118 2958 Le
1136 2914 1207 2959 se·
1255 2917 1482 2961 retomber
1508 2916 1701 2961 l'o'dieux
1729 2930 1807 2962 eur
1841 2918 2001 2973 auti-ui,
2020 2931 2044 2958 ι
2079 2931 2157 2969 sur

307 2971 390 3009 nat.
414 2970 516 3009 tout
543 2969 688 3009 entier
717 2978 939 3021 appi-ouva
961 2968 1008 3011 la
1031 2979 1206 3012 nesure
1257 2969 1553 3023 Hieronyme.

303 3020 382 3074 qui
402 3019 521 3062 avait
535 3017 610 3061 ete
628 3019 747 3073 prise
764 3031 846 3073 par
859 3020 927 3063 les
943 3022 1129 3066 ancien:
1146 3023 1205 3065 du
1306 3022 1355 3058 ⁷⁶
1380 3022 1566 3067 Debitos
1582 3021 1686 3078 jam
1710 3021 1846 3068 morti
1879 3021 2132 3066 destinatos

304 3072 490 3116 conseil.
512 3071 644 3125 (Voy.
665 3073 767 3125 plus
784 3071 924 3126 haut.)
1082 3127 1094 3138 ⁶
1256 3086 1356 3138 que,
1389 3090 1414 3114 ι
1432 3089 1518 3132 que
1548 3076 1670 3120 leurs
1704 3081 1830 3120 actes
1869 3075 2152 3138 designaient

358 3124 403 3159 '¹¹
436 3123 661 3188 Gomon,
678 3126 1003 3171 sous-entendu
1018 3124 1203 3185 objecta,
1248 3134 1499 3182 Justement
1518 3128 1547 3173 δ
1562 3128 1610 3172 la
1622 3134 1751 3173 mort.
1767 3143 1789 3168 »
1810 3128 2001 3172 Debitos
2017 3142 2085 3172 mo
2092 3133 2150 3171 rt:

303 3189 363 3220 ex
419 3180 524 3222 uta.
1254 3193 1426 3226 comme
1448 3186 1636 3226 morum
1654 3182 1834 3225 meritos
1848 3195 1866 3232 ‚·
1889 3181 2148 3229 destinatos,

382 3229 405 3262 ¹
431 3231 535 3274 Inte
568 3243 669 3276 ram
696 3230 882 3298 ptem,
934 3246 957 3272 ε
993 3234 1041 3278 la
1083 3235 1203 3279 foule
1254 3245 1426 3280 comme
1469 3233 1760 3279 destinandos
1775 3263 1790 3284 ,
1817 3237 1869 3279 ut
1896 3236 1975 3293 qui
2020 3239 2152 3277 semet

301 3282 516 3338 bonnete,
553 3298 582 3330 a
597 3291 741 3340 partie
762 3287 888 3329 suine
908 3286 968 3330 du
986 3288 1147 3341 peuple
1159 3300 1200 3338 ς»
1255 3286 1565 3333 destinassent.

302 3337 416 3381 celle
449 3340 525 3393 qui
556 3340 720 3383 n'avait
750 3350 829 3393 pua
861 3338 934 3383 όῑό
968 3341 1199 3386 travaiuee
1307 3341 1355 3377 '1⁷
1387 3341 1550 3386 Palam
1577 3342 1757 3398 primo,
1803 3354 1828 3380 ι
1861 3341 2043 3386 d’abord
2087 3352 2144 3401 en

305 3401 385 3442 par
404 3392 473 3433 les
490 3393 748 3445 agitateurs·
1252 3396 1453 3449 egissent
1470 3399 1791 3449 ouvertement,
1810 3395 1857 3439 le
1874 3397 1992 3438 front
2007 3392 2147 3435 leve.»

358 3441 406 3477 ⁷⁸
438 3444 671 3501 Tanquam
683 3457 789 3489 reos
802 3447 973 3500 ageret,
995 3458 1200 3491 «comme
1306 3446 1356 3482 ⁷⁸
1385 3447 1494 3492 Cum
1537 3445 1827 3497 hereditatem
1857 3445 1985 3502 regni
2012 3454 2151 3488 creve-

305 3493 373 3558 P’ss
391 3498 623 3559 traduisait
649 3500 729 3542 des
751 3498 932 3543 accuses
962 3500 1127 3547 devant
1151 3502 1198 3545 la
1252 3499 1332 3571 rit,
1353 3513 1412 3565 m.
1441 3500 1469 3544 ὸ,
1484 3512 1545 3544 ιιι.
1566 3512 1589 3538 ⁸
1609 3502 1757 3555 quand
1772 3502 1805 3544 il
1823 3503 1942 3571 avait
1958 3498 2037 3540 fait
2051 3501 2150 3540 acte

299 3550 728 3649 1ωἰῑιδωῖῗᾶὀῖινιι’(ααιια
743 3605 835 3649 vita
851 3614 1000 3653 orm,
1020 3617 1043 3642 «
1060 3605 1200 3650 tii-ant
1252 3551 1960 3659 ξιῖοἳτέξθξοὲἓριτιέῗῗὼὶὲίῗῗᾶ
1977 3551 2151 3654 {3⁸2¹}ss
