2525 3984
979 167 1527 230 NARRATIONES.
2054 176 2162 236 181

328 300 585 365 montani
606 300 893 381 pauciores
910 300 1057 376 jam,
1078 309 1134 362 et
1159 299 1439 362 latrocinii
1461 301 1642 381 magis
1664 323 1839 383 quam
1858 304 1988 366 belli
2012 326 2172 370 more

302 382 771 457 ‚concursabant3
830 380 998 442 modo
1042 380 1104 440 in
1145 380 1401 461 primum
1421 425 1443 457 ,
1489 379 1659 441 modo
1696 382 1757 441 in
1797 383 2170 453 novissimum

327 482 534 542 agmen
556 506 577 537 ,
622 467 687 520 ut
734 459 940 550 cuique
982 468 1081 521 aut
1118 460 1275 521 locus
1305 459 1793 541 opportunitatem·
1816 461 2018 539 daret,
2072 473 2171 525 aut

326 538 605 621 progressi
662 548 937 601 morative
993 538 1065 600 ali
1106 559 1242 599 uam
1303 538 1650 601 occasionem
1713 538 1984 606 fecissent.
2052 544 2172 604 Ele-.-

365 618 550 695 hanti,
584 617 730 679 sicut
756 617 924 699 praeci
967 617 1071 679 ites
1104 620 1127 655 ⁰
1159 638 1259 699 per
1281 626 1461 680 arctas
1482 618 1600 680 vias
1629 639 1836 700 magna
1858 640 2020 682 mora
2044 642 2171 702 age-

364 707 559 775 antur,
578 697 659 759 ita
684 704 876 759 tutum
996 697 1251 760 hostibus
1277 718 1636 779 quacumque
1657 697 1979 761 incederent
2013 700 2170 783 (quia

325 777 561 839 insuetis
590 776 833 839 adeundi
865 776 1095 858 propius
1122 783 1308 838 metus
1341 780 1482 857 erat)
1515 798 1719 858 agmen
1755 779 2077 859 plmbebant
2096 784 2140 818 ⁶¹
2155 825 2168 837 ,

327 858 489 919 Nono
510 856 603 918 die
631 856 694 917 in
715 856 921 937 jugum
945 856 1178 936 Alpium
1199 901 1200 905 ,
1333 864 1533 918 entum
1555 865 1662 933 est,
1689 876 1792 939 per
1813 856 1967 919 invia
1988 860 2171 949 plera-

326 957 438 1027 que
477 944 533 999 et
566 956 782 998 errores
798 938 869 1012 ⁸²,
897 956 1039 1017 quos
1061 943 1160 997 aut
1221 934 1515 997 uccntium
1554 937 1709 998 fraus
1725 981 1746 1013 ,
1776 945 1876 998 aut
1903 938 2002 998 ubl
2028 938 2168 1001 fides

326 1015 398 1075 ils
425 1036 542 1076 non
577 1023 754 1091 esset,
793 1022 1003 1077 temere
1041 1014 1196 1077 initae
1226 1016 1394 1077 valles
1407 1017 1453 1051 ⁸³
1488 1036 1524 1077 a
1557 1016 2000 1096 conjectantibus
2034 1016 2166 1094 iter,

328 1093 625 1156 fac-iebant.
656 1094 906 1155 Biduum
934 1094 1010 1156 >in
1032 1094 1185 1177 jugis
1215 1093 1415 1156 stativa
1429 1094 1476 1131 Β*
1509 1094 1740 1173 habita3
1781 1094 1938 1157 fessis
1977 1096 2168 1159 labore

327 1193 391 1235 ac
435 1173 739 1255 pugnando
784 1177 943 1255 quies
986 1174 1117 1236 data
1146 1172 1428 1243 ,militibus
1443 1191 1463 1252 ;
1501 1175 1872 1265 jumentaque
1913 1175 2166 1258 aliquot,

327 1273 451 1334 quae
481 1255 742 1335 prolapsa
772 1252 834 1314 in
869 1253 1107 1335 rupibus
1139 1261 1300 1316 erant
1312 1298 1331 1329 ,
1358 1253 1639 1335 sequendo
1667 1252 1899 1335 vestigia
1923 1254 2167 1337 agminis

326 1332 385 1391 in
404 1341 585 1395 castra
608 1353 931 1414 pervenere.
960 1332 1147 1395 Fessis
1171 1333 1338 1395 taedio
1373 1342 1456 1394 tot
1483 1334 1791 1410 malorum,
1818 1332 1965 1395 nivis
1991 1333 2166 1397 etiam

325 1432 485 1473 casus
501 1457 521 1489 ,
565 1412 852 1474 occidente
881 1414 1003 1494 jam
1034 1412 1212 1473 sidere
1237 1411 1615 1492 Vergiliarum
1634 1414 1707 1490 ⁵⁸,
1740 1412 2028 1503 ingentem
2054 1420 2168 1475 ter-

325 1511 514 1552 rorem
537 1490 761 1571 adjecit.
794 1494 903 1552 Per.
934 1491 1128 1554 omnia
1162 1490 1292 1551 nive
1323 1492 1546 1572 oppleta
1569 1512 1752 1573 quum
1777 1490 1950 1572 signis
1977 1492 2167 1573 prima

324 1569 451 1631 luce
471 1570 665 1647 motiS,
688 1569 933 1651 segniter
958 1590 1165 1651 agmen
1194 1568 1501 1644 incederet,
1527 1569 1866 1650 pigritiaque
1880 1571 1927 1608 ⁸⁸
1961 1578 2021 1632 et
2042 1571 2168 1631 des-

328 1649 539 1729 peratio
586 1648 649 1711 in
702 1648 965 1712 omnium
1018 1650 1179 1710 vultu
1234 1645 1546 1725 emineret3
1609 1668 1946 1729 praegressus
1988 1648 2169 1729 'signa

323 1729 595 1806 Annibal,
616 1728 678 1789 in
697 1717 1084 1810 promontorio
1107 1726 1381 1810 quodam,
1408 1726 1560 1789 unde
1584 1729 1749 1809 longe
1787 1747 1852 1789 ac
1893 1729 2004 1789 late
2039 1748 2168 1809 pro-

322 1816 545 1889 spectus
577 1816 734 1885 erat,
770 1808 1071 1870 consistere
1097 1804 1273 1888 jussis
1303 1805 1607 1882 militibus,
1636 1805 1858 1869 Italiam
1898 1814 2165 1884 ostentat,

322 1887 711 1970 subjectosque
760 1887 981 1969 Alpinis
1033 1885 1323 1952 montibus
1369 1884 1832 1966 circumpadanos
1869 1906 2100 1967 campos
2143 1905 2165 1949 :

324 1966 646 2050 moeniaque
685 1987 779 2029 eos
822 1973 950 2028 tum
996 1964 1393 2029 transcendere
1440 1985 1556 2027 non
1605 1964 1778 2026 Italiae
1819 1965 1989 2027 modo
2005 2010 2028 2044 ,
2071 1965 2168 2030 sed

323 2044 497 2107 etiam
526 2047 686 2107 urbis
724 2066 995 2107 romanae.
1034 2046 1233 2107 Cetera
1257 2047 1448 2127 plana,
1489 2042 1757 2126 proclivia
1789 2044 1910 2105 fore
1922 2045 1995 2120 ⁸⁷,
2024 2065 2164 2122 uno,

323 2132 423 2186 aut
443 2146 738 2187 summum
755 2127 801 2163 ⁸⁸
827 2127 1000 2187 altero
1027 2123 1219 2206 praelio
1237 2144 1428 2186 arcem
1447 2132 1504 2185 et
1521 2131 1690 2204 caput
1713 2124 1888 2185 Italiae
1908 2122 1970 2183 in
1989 2144 2166 2185 manu

324 2224 388 2265 ac
416 2213 687 2295 potestate
715 2204 1027 2266 habituros·
1060 2203 1366 2265 Procedere
1404 2201 1536 2263 inde
1561 2222 1766 2284 agmen
1793 2202 2001 2283 coepit3
2039 2204 2164 2283 jam

321 2283 466 2344 nihss
485 2306 556 2348 ne
574 2284 830 2346 hostibus
845 2283 1100 2366 quidem,
1116 2291 1321 2365 praeter
1336 2303 1509 2363 parva
1523 2282 1676 2343 furta
1694 2302 1794 2362 per
1811 2281 2159 2343 occasionem

322 2364 685 2438 tentantibus.
718 2366 983 2426 Ceterum
1021 2362 1128 2425 iter
1163 2365 1371 2439 multo,
1410 2381 1583 2443 quam
1613 2360 1676 2421 in
1715 2380 1948 2422 ascensu
1982 2362 2166 2424 fuerat

322 2443 411 2517 (ut
449 2443 712 2524 pleraque
738 2444 803 2503 A]
848 2441 971 2503 ium
1006 2442 1078 2503 ab
1118 2442 1281 2503 Italia
1292 2443 1338 2479 ⁶⁹
1376 2440 1522 2501 sicut
1554 2439 1835 2515 breviora,
1878 2439 1961 2501 ita
1983 2460 2167 2501 aiu-cc-

325 2518 530 2581 tiora⁶⁰
561 2524 715 2601 sunt)
742 2520 800 2582 di
865 2521 1025 2584 cilius
1053 2520 1161 2581 fuit
1198 2538 1215 2582 τ
1255 2520 1441 2582 omnis
1481 2519 1636 2581 enim
1676 2520 1855 2581 ferme
1881 2518 1972 2580 via
2011 2538 2166 2600 prae-

504 2662 510 2666 .
592 2657 603 2667 ο

379 2716 425 2752 ⁸⁰
450 2715 705 2773 Praecipites
783 2714 939 2760 cea—d.
975 2714 1117 2772 premi
1155 2714 1216 2757 ad
1269 2718 1424 2758 eastra
1441 2715 1625 2762 stativa,
1644 2727 1667 2752 ‹
1688 2724 1748 2755 un
1767 2724 1893 2767 camp
1910 2713 2012 2757 fixe.
2037 2725 2062 2752 υ

326 2770 511 2827 lapsum,
529 2780 551 2805 ⁴
570 2769 699 2812 trebu
813 2773 846 2820 t,
866 2769 1043 2811 roulant
1058 2780 1132 2810 sur
1147 2770 1215 2811 les
1323 2766 1368 2801 55
1394 2766 1550 2811 Sidere
1582 2764 1887 2821 Vergil-iarum
1902 2794 1918 2815 ,
1946 2777 1969 2802 ‹
1983 2766 2029 2809 la
2059 2778 2165 2809 oon·

325 2829 505 2886 pentes..
535 2836 559 2861 ι
614 2822 818 2883 D‘autres
856 2822 955 2863 font
986 2825 1218 2875 rapporter
1270 2821 1494 2883 stellation
1530 2821 1611 2883 des
1644 2820 1867 2872 Pleiades,
1902 2834 1925 2859 ι
1972 2819 2082 2862 dont
2117 2819 2163 2862 10

323 2888 454 2962 ¹⁰3⁹?
489 2877 569 2969 :22⁸
577 2873 763 2968 12:22¹&
777 2922 981 2973 adeunda,
996 2930 1082 2987 qm.
1102 2922 1219 2987 eqn-
1271 2872 2077 2988 ἓὲξὲἓᾌὲεᾞὲἓῗῖιῗιὶἵῗεῖῗψω
2106 2884 2163 2916 ⁸¹¹

326 2982 536 3026 struisez:
553 2980 660 3035 quia
674 2980 813 3021 metus
825 2977 1019 3021 adeunda
1030 2988 1217 3034 propius
1325 2977 1371 3010 ⁸6
1398 2977 1460 3019 1²2
1495 2982 1620 3025 rotza,
1639 2979 2028 3022 ‹1'accab1ement.
2046 2990 2068 3015 ›

329 3037 431 3079 erat
448 3032 651 3075 insuetis.
686 3056 696 3065 ·
1325 3028 1369 3064 ⁵⁷
1402 3029 1458 3073 Ge
1503 3043 1562 3074 ra
1610 3030 1731 3084 lana,
1749 3035 1854 3083 etc„
1873 3028 2125 3073 litteralem.
2149 3042 2160 3052 ·
2228 3041 2242 3049 ·

382 3085 429 3122 δ’
455 3085 669 3134 Eri-ores,
690 3098 713 3123 c
731 3085 811 3143 rges
828 3082 1025 3128 marches
1042 3087 1091 3127 et
1105 3095 1217 3127 con·
1273 3097 1297 3121 ι
1310 3087 1407 3127 tout
1423 3094 1523 3127 sera
1539 3097 1568 3139 p
1583 3086 1687 3128 aine
1715 3089 1763 3127 et
1786 3088 1922 3137 pente
1951 3082 2105 3125 donee.
2141 3097 2161 3117 ι

329 3138 620 3184 tre-marches
646 3138 844 3191 inutiles,
865 3150 888 3175 θ
920 3148 1024 3181 sans
1054 3138 1137 3180 but
1170 3140 1217 3179 et
1271 3134 1450 3180 Comme
1469 3139 1581 3181 dans
1601 3139 1647 3180 la
1675 3138 1902 3180 naz-ration
1920 3135 2002 3177 des
2021 3137 2161 3177 Fuer-

328 3206 434 3237 sans
449 3190 647 3234 resultat.
1272 3185 1370 3232 chen
1389 3188 1607 3234 Caudina
1621 3200 1636 3230 .·
1656 3189 1807 3233 omnia
1822 3190 2007 3247 aequaet
2017 3189 2161 3245 planu

384 3244 430 3279 ⁶³
461 3244 640 3287 Temere
666 3244 790 3288 inita·
811 3240 965 3291 valles,
990 3254 1048 3285 m.
1073 3242 1103 3287 ὸ,
1122 3253 1180 3284 m·
1202 3252 1215 3280 ε
1269 3244 1414 3287 erunt.

331 3312 355 3338 α
372 3299 453 3341 des
476 3296 642 3340 vallees
671 3296 731 3340 οἰι
758 3296 845 3339 l’on
876 3294 1143 3349 s’engageait
1160 3306 1218 3336 au
1325 3294 1371 3329 ⁸8
1397 3293 1651 3343 Summum,
1687 3305 1798 3348 pour
1830 3291 1892 3337 ad
1924 3303 2161 3341 summum,

328 3351 501 3403 basard3
513 3364 535 3389 ›
553 3349 613 3393 ou
626 3350 672 3392 le
682 3350 843 3392 hasard
852 3350 931 3391 des
944 3352 1217 3403 conjectures
1275 3361 1298 3386 c
1315 3360 1372 3391 au
1388 3348 1502 3402 plus.
1519 3360 1542 3386 ι

329 3405 424 3447 leur
438 3404 646 3446 faisaient
661 3403 870 3446 chercher
884 3403 981 3445 leur
994 3407 1136 3445 route.
1327 3398 1372 3434 ⁶⁰
1401 3398 1582 3455 Alpium
1610 3398 1668 3442 ab
1697 3397 1859 3443 Italia¹
1901 3412 1924 3439 e
1943 3397 2161 3453 lesfflpes

384 3455 430 3489 ⁶⁴
454 3455 653 3499 Statim.
670 3456 718 3499 Si
732 3453 907 3498 l'armee
924 3458 1081 3498 restait
1096 3454 1220 3509 quel·
1272 3454 1334 3497 du
1358 3452 1457 3497 cote
1484 3454 1541 3495 de
1563 3452 1738 3496 l'Italie.
1755 3466 1779 3491 ›

332 3520 419 3561 que
434 3519 577 3562 temps
595 3509 706 3552 dans
721 3510 764 3551 le
782 3509 926 3552 meme
941 3509 1047 3559 lieu,
1066 3519 1125 3549 on
1144 3519 1220 3560 ap·
1328 3504 1374 3539 ⁶⁰
1399 3505 1692 3557 Arrectiorm
1720 3520 1744 3544 ι
1763 3504 1864 3559 plus
1881 3506 2045 3557 romeu,
2065 3505 2161 3557 plus

333 3563 471 3615 poluit
486 3561 833 3615 remplacement
849 3560 1005 3616 qu'elle
1020 3560 1222 3613 oocupait
1275 3558 1490 3613 escarpes.
1512 3572 1534 3597 ι
1821 3621 1846 3666 1
1861 3622 1886 3667 1
