2525 3984
1023 271 1457 331 NARRATION
1466 273 1577 332 ΕΞ.ἑ
2108 276 2224 333 245

383 401 564 461 sentia
596 417 612 461 :
648 419 719 459 ne
757 406 813 460 at
841 421 898 462 se
935 410 1145 463 terrore
1177 410 1235 463 et
1264 401 1439 465 minis
1458 401 1608 464 vinci
1641 419 1658 465 ε
1690 404 1861 465 flexos
1889 406 1961 464 ad
1998 404 2227 465 modes-

386 479 524 541 tiam
570 477 614 538 si
649 477 701 539 vi
743 488 867 554 eat,
906 479 954 541 si
992 481 1272 562 supplices
1307 481 1537 558 audiat,
1575 481 1923 562 scripturum
1957 482 2129 564 patri,
2162 492 2227 544 ut

381 559 634 648 placatus
674 557 963 639 legionum
1009 581 1202 641 preces
1250 561 1551 642 exciperet.
1602 562 1908 623 Orantibus
1930 605 1951 637 ,
1994 582 2225 622 rursum

381 638 536 698 idem
581 638 795 699 Bloesus
835 646 892 701 et
930 641 998 700 L.
1049 638 1335 720 Apronius
1387 661 1557 721 eques
1604 660 1874 701 romanus
1923 660 1953 699 o
1996 642 2226 702 cohorte

377 715 625 793 Drusi⁷⁸,
641 718 943 801 Iustusque
958 718 1229 780 Catonius
1240 718 1425 810 primi
1442 718 1659 780 ordinis
1679 719 1957 797 centurio,
1973 719 2043 780 ad
2061 721 2227 781 Tibe-

381 797 538 859 rium
560 796 891 858 mittuntur.
919 798 1211 859 Certatum
1238 798 1371 860 1nde
1391 798 1704 874 sententiis,
1733 820 1915 880 quum
1943 799 2035 859 alii
2067 821 2097 859 (ι
2117 820 2226 880 op-

388 874 679 955 periendos
705 877 915 956 legatos
936 922 957 954 ,
990 885 1046 938 at
1085 899 1158 938 ue
1196 876 1428 939 interim
1458 877 1721 938 comitate
1756 878 2224 968 permulcendum

384 952 632 1014 militem
672 964 996 1033 censerent3
1042 978 1077 1019 a
1098 956 1137 1017 ii
1192 957 1520 1019 fortioribus
1566 956 1831 1018 remedlis
1877 958 2161 1038 agendum
2204 977 2232 1039 :-

382 1031 530 1092 nihil
559 1031 617 1093 in
641 1035 807 1114 vulgo
835 1034 1185 1098 modicum⁷⁷
1213 1054 1229 1098 z
1258 1044 1494 1113 terrere,
1521 1035 1581 1096 ni
1608 1044 1845 1118 paveant
1872 1054 1887 1098 ε
1916 1036 2014 1097 uhi
2043 1037 2226 1118 perti-

382 1110 665 1200 muerint,
697 1111 930 1252 impune
958 1114 1240 1177 contemni
1270 1134 1287 1177 τ
1315 1117 1456 1177 dum
1484 1136 1551 1178 su
1591 1115 1806 1178 erstitio
1827 1125 2058 1205 urgeat,
2084 1117 2225 1196 adji-

381 1190 605 1252 clendos
660 1212 727 1252 ex
807 1213 910 1255 uce
957 1204 1165 1272 metus,
1215 1196 1448 1257 sublatis
1496 1217 1553 1257 se
1594 1195 1785 1257 itionis
1834 1196 2216 1257 auctorlbuso)

381 1270 721 1349 Promptum
778 1272 848 1333 ad
905 1274 1189 1355 asperiora
1226 1275 1523 1355 ingenium
1561 1278 1744 1337 Druso
1784 1284 1906 1336 erat
1948 1293 1966 1336 :
2000 1284 2221 1336 vocatos

382 1348 726 1410 Vibulenum
748 1359 802 1410 et
823 1353 1200 1414 Percennium
1222 1354 1461 1415 interfici
1479 1354 1665 1435 jubet.
1691 1355 1947 1416 Tradunt
1967 1354 2221 1435 plerique

380 1425 531 1488 intra
572 1428 1002 1491 tabernaculum
1042 1432 1203 1494 ducis
1248 1434 1481 1494 obrutos
1492 1435 1541 1472 ‘¹⁸
1586 1452 1603 1496 ε
1646 1433 1743 1495 alii
1782 1454 2018 1514 corpora
2067 1442 2224 1494 extra

384 1506 595 1565 vallum
605 1509 652 1544 ⁷⁹
678 1508 895 1588 abjecta
919 1512 1184 1571 ostentui.
1207 1514 1384 1587 Tum,
1409 1520 1477 1571 ut
1505 1511 1742 1592 quisque
1762 1512 2080 1592 praecipuus
2104 1521 2224 1573 tur-

384 1582 571 1660 bator,
599 1587 899 1667 conquisiti
924 1606 940 1649 z
968 1596 1025 1649 et
1055 1610 1185 1669 pars
1206 1599 1364 1651 extra
1391 1599 1574 1651 castra
1598 1591 1847 1670 palantes
1870 1611 1905 1650 a
1932 1591 2224 1651 centurio-

382 1662 551 1723 nibus
555 1708 576 1738 ,
595 1672 693 1726 aut
713 1666 1108 1745 praetoriarum
1122 1669 1444 1729 cohortium
1465 1668 1742 1730 militibus
1759 1668 1887 1729 coesi
1913 1686 1928 1730 t
1951 1669 2223 1749 quosdam

383 1740 490 1822 ipsi
518 1743 821 1825 manipuli,
849 1745 1257 1808 documentum
1280 1747 1436 1823 fidei,
1461 1747 1763 1809 tradidere.
1792 1748 2041 1809 Auxerat
2062 1748 2226 1808 mili-

385 1828 506 1882 tum
532 1843 696 1884 curas
722 1832 1066 1904 praematura
1092 1826 1300 1902 hiems,
1325 1826 1607 1889 imbribus
1631 1827 1915 1889 continuis
1930 1872 1951 1904 ,
1976 1827 2224 1908 adeoque

379 1900 562 1977 saevis,
593 1911 658 1962 ut
686 1923 800 1963 non
818 1904 1006 1985 egredi
1027 1906 1349 1997 tentoria⁸⁰,
1379 1906 1705 1988 congregari
1738 1906 1886 1967 inter
1906 1928 1987 1983 se,
2018 1905 2108 1966 vix
2127 1916 2224 1966 tu·-

382 1979 487 2040 tari
521 1981 680 2061 signa
702 1991 927 2062 possent
945 1985 1017 2061 ⁸¹,
1040 2005 1165 2066 quae
1190 1986 1415 2047 turbine
1440 1995 1608 2068 atque
1626 1987 1780 2047 unda
1802 1985 2173 2066 raptabantur
2201 2004 2217 2047 :

378 2057 622 2121 durabat
658 2070 715 2121 et
751 2061 994 2125 formido
1027 2064 1269 2126 coelestis
1309 2065 1432 2142 irae,
1487 2088 1517 2125 α
1557 2085 1660 2127 nec
1705 2066 1915 2127 frustra
1957 2065 2222 2126 adversus

378 2135 585 2217 impios
626 2139 923 2203 hebescere
962 2142 1183 2220 sidera,
1228 2165 1395 2206 ruere
1436 2152 1792 2225 tempestates
1840 2161 1856 2206 :
1901 2164 2018 2205 non
2067 2144 2219 2205 aliud

376 2219 661 2278 malorum
690 2220 1100 2297 levamentum,
1126 2243 1302 2304 quam
1341 2222 1386 2284 si
1422 2223 1742 2305 linquerent
1772 2230 1953 2284 castra
1978 2222 2221 2284 infausta

378 2299 781 2379 temerataque,
810 2307 866 2360 et
889 2301 1056 2361 soluti
1083 2301 1308 2382 piaculo
1321 2304 1366 2339 ⁸¹
1390 2302 1508 2364 suis
1539 2302 1776 2384 quisque
1809 2301 2063 2363 hibernis
2082 2302 2220 2362 red-

376 2374 665 2437 derentur.
715 2399 746 2436 ))
802 2377 1066 2440 Primum
1115 2390 1350 2457 octava,
1402 2382 1533 2442 dein
1582 2380 2023 2472 quintadecuma
2073 2381 2218 2461 legio

376 2453 612 2515 rediere.
664 2457 931 2519 Nouanus
980 2459 1347 2576 oppseriendas
1397 2460 1610 2522 Tiberii
1655 2460 1915 2541 epistolas
1955 2460 2221 2521 clamita-

377 2540 532 2594 verat
562 2552 578 2595 :
610 2554 744 2595 mox
769 2536 1049 2598 desolatus
1148 2539 1393 2600 aliorum
1423 2539 1793 2615 discessione,
1818 2539 2218 2600 imminentem

373 2612 763 2676 necessitatem
794 2625 990 2696 sponte
1024 2627 1299 2699 praevemt
1333 2636 1350 2680 ε
1382 2627 1439 2680 et
1470 2621 1688 2679 Drusus
1704 2664 1726 2695 ,
1759 2639 1875 2679 non
1908 2627 2219 2699 exspectato

375 2691 689 2830 leglatorum
726 2715 983 2776 regressu
1002 2741 1022 2772 ,
1060 2697 1197 2778 quia
1230 2697 1529 2780 praesentia
1564 2697 1697 2759 satis
1732 2698 2132 2773 consederant,
2161 2698 2217 2758 in

376 2790 447 2830 ur
488 2792 580 2831 em
607 2772 795 2833 rediit.
818 2776 1005 2852 (Tam,
1025 2784 1200 2853 Ann„
1231 2798 1275 2853 1,
1307 2779 1547 2856 vlo-30.)

386 2902 520 2945 unair
529 2902 585 2945 de
595 2903 803 2948 noblesse
816 2906 1049 2950 naturane.
1065 2921 1087 2946 ²
1383 2907 1424 2943 ⁸¹
1461 2908 1550 2954 Vis
1575 2907 1719 2952 tutari
1736 2908 1868 2965 eiqna
1923 2913 2085 2964 ouem,
2120 2922 2141 2948 α
2162 2922 2218 2953 on

439 2952 486 2987 ⁷⁶
513 2952 557 2995 Ε
588 2952 768 2998 cohorte
801 2957 956 3006 Drusi,
988 2960 1045 3002 de
1074 2959 1274 3004 l'escorte
1329 2964 1508 3016 pouvait
1534 2961 1563 3006 a
1591 2963 1725 3017 peine
1752 2962 1880 3007 defen
1938 2977 1963 3007 e
1981 2966 2049 3007 les
2076 2976 2221 3006 ensei-

382 3004 635 3069 de0Drusus.
660 3006 844 3064 Cohors,
862 3011 904 3053 le
926 3011 1102 3072 cortege
1122 3015 1275 3057 d'amis
1389 3028 1439 3058 es
1455 3020 1607 3058 contre
1636 3017 1680 3058 le
1713 3019 1908 3061 mauvais
1934 3021 2079 3071 temps
2110 3018 2221 3059 dans

408 3071 456 3124 ui
508 3061 685 3104 avaient
737 3074 1029 3118 accompagne
1086 3065 1270 3110 Drusus.
1327 3028 1386 3130 fian
1400 3069 1526 3132 place
1549 3068 1735 3132 d'arines
1770 3069 2020 3126 principia)
2037 3069 2097 3114 ou
2111 3070 2220 3113 elles

432 3112 724 3209 filiiflii&
744 3114 1127 3224 ffliyol'ssssgssum,
1153 3184 1175 3208 ι
1188 3184 1273 3226 que
1327 3126 1515 3218 8¹:2¹²er
1536 3122 1829 3231 izoiitziig'cido,
1863 3190 1888 3214 ‹
1903 3174 2068 3220 delivrd
2095 3175 2151 3217 de
2175 3174 2220 3216 la

380 3212 426 3255 la
452 3212 678 3258 multltude
692 3226 761 3265 est
776 3220 970 3266 extreme
988 3236 1046 3268 en
1068 3228 1179 3268 tout.
1199 3238 1223 3263 >
1326 3229 1563 3281 contagion
1593 3229 1653 3271 du
1681 3230 1831 3273 crime.
1848 3243 1871 3267 ι
1893 3228 1932 3273 11
2028 3229 2146 3271 avait
2160 3239 2219 3270 eu

433 3268 480 3304 ⁷⁸
500 3269 706 3334 Qbruzos,
731 3277 951 3330 «entonis,
969 3291 991 3314 ²
1018 3283 1065 3321 et
1080 3290 1172 3320 non
1193 3290 1274 3321 en·-
1326 3292 1437 3334 pour
1467 3280 1642 3324 l’armee
1708 3280 1916 3331 iaculum.
1971 3279 2072 3323 abes
2108 3291 2216 3320 con-

377 3324 554 3366 set-elis.
1327 3335 1491 3386 tracta,
1522 3346 1604 3388 par
1627 3339 1742 3378 suite
1773 3337 1829 3378 de
1859 3338 1906 3378 la
1925 3333 2135 3378 violation
2160 3333 2219 3374 du

426 3375 477 3441 7⁹.
492 3376 647 3421 Extra
660 3377 835 3423 vallum.
847 3378 885 3424 A
897 3379 1073 3428 l'armee
1092 3394 1149 3428 on
1168 3396 1272 3437 sup-
1324 3384 2113 3440 sermentmilitaire(moranoentum)‚
2126 3386 2217 3438 qui.

377 3427 545 3523 mai-m
563 3431 667 3474 hors
689 3432 747 3475 du
780 3446 920 3489 emp,
954 3448 1123 3480 comme
1157 3438 1271 3480 dans
1324 3451 1494 3482 comme
1506 3440 1718 3495 l'indique
1732 3452 1813 3484 son
1829 3453 1944 3484 nom·
1960 3439 2070 3483 e'tait
2081 3438 2217 3480 chose

460 3483 586 3527 nuez
602 3483 705 3528 hors
725 3487 804 3530 des
820 3500 950 3531 murs.
1327 3491 1497 3535 sacr-ee.
2182 3536 2186 3539 Α

435 3531 484 3568 ⁸⁰
508 3535 677 3594 Emeda·
697 3541 905 3585 tentoria.
928 3540 1044 3597 Voy.
1067 3554 1183 3598 page
1198 3544 1269 3593 ⁶9,
1375 3544 1423 3579 83
1440 3541 1697 3594 Desolatus,
1711 3546 1876 3589 danne
1886 3553 1990 3587 sens
2005 3540 2216 3584 ‹danau-

377 3592 485 3630 hote
503 3589 543 3630 ⁷·
1324 3597 1486 3642 donne.
1508 3611 1529 3637 ›
1562 3594 1842 3657 (μονωθεις.)

1760 3707 1863 3718 ...αι-η

714 3699 926 3716 “en—um.

1947 3716 2049 3761 14.
