2525 3984
309 170 437 231 ‘208
966 167 1520 225 NARRATIONES.

318 294 498 378 spatio
531 295 585 355 lc
624 314 781 354 lones
814 312 1055 355 numero
1086 293 1393 355 hominum
1419 295 1766 374 expleverat,
1801 314 1985 376 quum
2011 295 2173 359 initio

317 397 433 436 non
454 395 588 456 amp
616 375 701 435 'us
722 373 944 435 duobus
970 373 1227 435 millibus
1255 372 1567 437 habuisset.
1596 373 1707 436 Sed
1737 393 1807 436 ex
1830 373 1987 436 omni
2015 376 2172 459 copia

318 454 542 517 circiter
563 475 693 535 pars
716 463 916 536 quarta
935 462 1054 516 erat
1073 453 1420 517 militaribus
1441 451 1617 528 armis
1637 453 1914 516 instructa
1931 471 1952 532 3
1977 456 2172 532 ceteri,

318 544 383 597 ut
430 555 715 617 quemque
761 554 922 599 casus
970 543 1321 610 armaverat,
1364 535 1594 615 sparos*
1634 543 1735 596 aut
1775 536 1998 597 lanceas
2015 581 2036 612 ,
2074 537 2169 598 alii

321 624 627 694 praeacutas
661 615 824 679 sudes
864 614 1183 695 portabant.
1225 613 1337 677 Sed
1378 623 1679 696 postquam
1718 614 2000 677 Antonius
2037 637 2171 678 cum

309 697 565 759 exercitu
593 693 952 770 adventabat,
982 693 1225 757 Catilina
1258 715 1359 774 per
1391 695 1603 759 montis
1624 694 1732 755 iter
1767 694 1974 772 facere,
2000 695 2167 757 modo

315 775 390 836 ad
419 774 654 849 Urbem,
685 774 854 835 modo
883 774 939 833 in
984 773 1263 835 Galliam⁸
1295 794 1495 835 vorsus
1527 782 1710 837 castra
1734 780 1960 837 movere
1977 792 1998 852 3
2030 777 2154 836 hos-

319 854 471 915 tibus
499 852 851 916 occasionem
887 853 1176 934 pugnandi
1206 873 1324 914 non
1350 851 1505 915 dare.
1540 853 1815 935 Sperabat
1840 854 2167 945 propediem

315 953 555 1014 magnas
610 933 797 1014 copias
839 953 961 994 sese
1000 931 1333 995 habiturum
1354 977 1374 1008 ,
1423 932 1468 994 si
1519 936 1718 1001 Roma)
1765 933 1900 995 socii
1950 943 2170 1016 incepta

315 1011 710 1094 patravissent.
746 1016 967 1074 Interea
986 1011 1247 1074 servitia⁶
1274 1011 1649 1093 repudiabat,
1678 1014 1875 1094 cujus'¹
1898 1013 2069 1077 initio
2099 1012 2168 1076 ad

229 1093 242 1117 ³
318 1112 455 1153 eum
481 1110 703 1172 magnae
728 1092 902 1173 copiae
929 1092 1366 1168 concurrebant,
1390 1092 1594 1174 opibus
1615 1093 2020 1174 conjurationis
2050 1097 2170 1155 fre-

235 1178 250 1197 *
315 1180 450 1250 tus3
499 1171 672 1234 simul
712 1171 964 1234 alienum
1009 1170 1125 1232 suis
1169 1171 1523 1234 rationibus⁸
1558 1172 1904 1235 existumans
1921 1220 1942 1250 ,
1990 1174 2166 1236 videri

310 1272 577 1314 caussam
599 1251 814 1313 civium
847 1272 981 1313 cum
1006 1250 1180 1312 servis
1204 1251 1456 1332 fugitivis
1479 1252 2004 1314 communicavisse.

399 1330 507 1393 Sed
531 1339 830 1414 postquam
858 1331 922 1391 in
949 1338 1131 1392 castra
1149 1330 1386 1393 nuntiu‘s
1411 1331 1667 1414 pervenit
1690 1334 1886 1394 Romae
1910 1335 2170 1415 conjura-

320 1411 535 1472 tionem
572 1413 939 1492 patefactam,
973 1409 1043 1471 de
1079 1413 1320 1472 Lentulo
1330 1457 1353 1489 ,
1385 1413 1525 1474 Ceth
1599 1433 1669 1489 0,
1704 1411 1903 1473 ceteris
1933 1414 2170 1475 consciis

320 1490 664 1573 supplicium
689 1500 1009 1573 sumptum,
1038 1490 1317 1573 plerique,
1347 1513 1487 1574 quos
1511 1513 1545 1554 a
1609 1492 1824 1554 bellum
1852 1513 1880 1554 s
1919 1513 1979 1554 es
2010 1492 2171 1574 rapi-

319 1591 525 1632 narum
549 1579 647 1634 aut
667 1591 946 1633 novarum
965 1591 1161 1632 rerum
1182 1570 1439 1633 studium
1461 1572 1735 1648 illexerat,
1758 1571 1839 1632 dil
1916 1575 2125 1633 untur⁰
2147 1592 2165 1635 ε

318 1650 564 1733 reliquos
602 1651 845 1713 Catilina
883 1671 985 1732 per
1019 1649 1231 1712 montis
1270 1671 1495 1733 asperos
1521 1651 1744 1734 magnis
1771 1651 2068 1713 itineribus
2108 1653 2169 1713 in

313 1751 523 1811 agrum
544 1731 939 1813 pistoriensem
954 1731 997 1769 ¹⁰
1021 1729 1287 1806 abducit,
1311 1751 1379 1795 eo
1398 1732 1657 1809 consilio,
1681 1730 1766 1792 uti
1787 1753 1889 1814 per
1918 1732 2171 1794 tramites

312 1813 536 1872 occulte
561 1812 883 1893 perfugeret
908 1811 968 1871 in
1002 1810 1270 1873 Galliam.

397 1891 474 1952 At
520 1892 595 1965 Q.
645 1893 899 1953 Metellus
953 1891 1115 1952 Celer
1164 1911 1300 1953 cum
1353 1890 1537 1951 trihus
1577 1889 1890 1970 legionibus
1932 1892 1992 1951 in
2034 1912 2170 1982 agro

319 1970 581 2052 piceno¹²
625 1970 1045 2052 praesidebat·‚
1088 1991 1156 2031 ex
1192 1969 1526 2032 difficultate
1563 1973 1816 2030 rerum¹⁸
1845 1969 2042 2032 eadem
2072 1973 2170 2035 illa

311 2050 691 2127 existumanS,
720 2071 845 2132 quae
872 2070 1045 2133 supra
1065 2048 1341 2126 diximus„
1371 2049 1676 2111 Catilinam
1705 2049 1939 2131 agitare.
1965 2051 2169 2132 Igitur,

319 2130 421 2190 ubi
452 2130 560 2191 iter
578 2131 699 2211 ejus
726 2152 795 2192 ex
856 2129 1065 2212 erfugis
1094 2131 1379 2212 cognovit,
1404 2139 1586 2191 castra
1612 2150 1848 2210 propere
1875 2139 2087 2207 movet,
2105 2152 2169 2193 ac

321 2209 428 2270 sub
469 2209 606 2290 ipsis
653 2209 830 2271 radic1
872 2231 938 2269 us
977 2210 1266 2271 montium
1299 2208 1552 2270 consedit
1592 2228 1706 2289 qua
1746 2208 1829 2269 illi
1870 2210 2170 2272 descensus

314 2296 440 2350 erat
454 2290 499 2327 ¹*
522 2289 586 2350 in
611 2289 852 2351 Galliam
872 2288 1220 2371 properanti.
1244 2291 1438 2371 Neque
1462 2298 1651 2348 tamen
1672 2288 1953 2349 Antonius
1971 2293 2166 2370 procul

374 2463 395 2497 δ
422 2463 597 2530 Sparoe
644 2463 705 2519 (a
751 2475 775 2506 ε
808 2475 862 2507 ar
895 2462 1037 2511 endo,
1086 2464 1213 2506 selon
1331 2474 1366 2505 e.
1410 2461 1497 2520 Ces
1526 2459 1725 2504 servitia
1757 2459 1942 2524 etaient,
1981 2462 2092 2524 dans
2141 2477 2167 2504 e

317 2516 563 2572 Nonmus),
599 2521 720 2560 sorte
785 2528 812 2559 e
882 2515 1013 2558 citone
1040 2512 1069 2556 ὰ
1098 2516 1214 2558 deux
1289 2528 1460 2569 angage
1479 2514 1669 2569 superbe
1689 2514 1747 2557 du
1769 2514 1886 2556 droit
1907 2526 2094 2565 romam,
2122 2514 2171 2556 la

324 2569 463 2614 bouis.
483 2571 554 2615 De
570 2571 757 2615 Brosses
775 2570 943 2613 traduit
959 2570 1040 2612 des
1061 2566 1215 2612 hatone
1270 2566 1400 2611 chose
1434 2570 1491 2611 de
1522 2569 1642 2610 leurs
1678 2565 1885 2620 mestrem
1921 2572 1969 2610 et
1998 2567 2105 2610 c'est
2139 2565 2168 2610 ὲ

315 2622 481 2720 sei-rga·
519 2677 732 2727 Galliam,
764 2689 787 2715 <
816 2677 863 2719 la
892 2675 1037 2722 Gaulo
1074 2673 1218 2720 Cisal·
1268 2617 1799 2734 {izmglanssecggfgsque
1816 2632 1839 2661 Β
1852 2622 2059 2674 apphque
2076 2621 2169 2665 ess-

315 2732 481 2785 pine.»
1324 2726 1346 2761 ⁸
1377 2727 1482 2773 Suis
1510 2723 1777 2773 ramomlms,
1811 2736 1922 2779 pom·
1953 2737 2044 2768 ωε
2075 2725 2146 2769 uti

374 2782 396 2815 θ
421 2782 641 2833 Servitia,
658 2797 681 2821 «
697 2786 766 2829 les
784 2785 996 2827 esclaves·
1010 2798 1034 2825 κ
1051 2782 1092 2825 11
1104 2781 1216 2827 etait
1271 2781 1410 2824 litati.

319 2834 515 2880 defendu
539 2848 642 2880 sous
667 2839 802 2891 peine
829 2839 885 2881 de
903 2841 1019 2880 mort
1042 2848 1129 2879 aux
1145 2849 1217 2881 es·
1322 2835 1345 2868 9
1374 2829 1666 2881 &labantem
1695 2844 1718 2869 ε
1748 2842 1797 2876 se
1821 2832 2054 2886 dissipent,
2086 2830 2166 2874 ‹16-

320 2890 465 2933 claves
495 2889 556 2932 de
581 2889 810 2944 s'engager
838 2893 949 2933 dans
977 2891 1021 2934 le
1047 2892 1215 2934 nervice
1271 2890 1458 2932 sertent.
1475 2901 1498 2926 2
1868 2916 1875 2933 1

320 2943 542 2984 militaire.
574 2942 718 2985 Rome
744 2955 805 2986 ne
825 2945 990 2987 voulait
1015 2955 1126 2998 pour
1142 2956 1215 2987 ses
1325 2941 1371 2975 ¹⁰
1396 2941 1456 2984 In
1471 2937 2163 3000 aqrumptstoriensem.Pistoie,

320 2994 490 3037 soldats
516 3007 602 3049 que
621 2995 701 3038 des
724 3007 834 3047 gens
859 2998 935 3050 qui
951 3001 1134 3039 eussent
1151 3008 1210 3038 un
1271 2996 1482 3037 autrefois
1513 2991 1780 3045 Pastor-ium,
1810 2992 1916 3034 ville
1943 2992 2003 3054 du
2031 2991 2164 3054 terri·

320 3046 484 3091 inter-et
496 3050 734 3101 personnel
748 3047 776 3091 ὲ,
787 3051 834 3091 la
847 3050 1072 3092 defendi-e.
1088 3049 1215 3092 Dans
1269 3050 1383 3090 toire
1402 3049 1482 3090 des
1498 3044 1675 3088 Aretins
1692 3047 1804 3088 dans
1820 3044 2037 3093 l'Etrune,
2056 3048 2167 3088 etmt

319 3102 368 3144 la
397 3102 512 3145 suite
542 3101 768 3145 Justinien
800 3101 979 3145 modern
1006 3103 1052 3145 la
1079 3104 1214 3155 peine
1270 3098 1413 3144 situee
1431 3111 1506 3142 eur
1529 3100 1576 3142 la
1598 3099 1758 3142 riviere
1790 3097 1946 3152 Stella,
1975 3110 2031 3141 au
2058 3097 2159 3151 pied

322 3155 379 3198 de
393 3160 507 3197 mort
524 3153 751 3199 ordonnee
769 3160 921 3198 contre
937 3157 1005 3199 les
1017 3156 1214 3198 esclaves
1271 3155 1327 3197 de
1343 3152 1407 3195 ΡΑ
1441 3152 1596 3195 ennin.

319 3213 370 3250 et
405 3221 454 3252 se
492 3214 704 3252 contenta
739 3210 796 3252 de
836 3213 1001 3252 statuet
1025 3220 1116 3263 ,que
1146 3210 1214 3252 les
1324 3205 1366 3239 ¹1
1423 3218 1454 3248 n
1474 3216 1582 3259 agro
1629 3203 1769 3256 iceno,
1790 3215 1813 3239 ι
1830 3204 1875 3246 le
1892 3203 2156 3255 Picenum,-

308 3260 500 3310 ‚mattres
518 3264 774 3316 pom-taient
795 3263 1087 3316 revendiquer
1104 3273 1216 3305 ceux
1270 3259 1544 3321 aujourd’hul
1616 3255 1752 3302 arche
1778 3255 2009 3299 &Ancona
2031 3267 2103 3297 sur
2117 3255 2164 3297 la

322 3318 396 3369 qui
428 3328 477 3359 se
510 3317 709 3359 seraient
745 3315 938 3371 engages
978 3327 1082 3358 saus
1119 3317 1216 3357 leur
1269 3325 1364 3356 mer
1379 3312 1649 3374 Adriatique.
2038 3362 2047 3371 ·

321 3374 675 3413 eonsentement.
694 3385 717 3410 2
738 3368 822 3423 (De
835 3368 1061 3421 Bnosszs.)
1325 3365 1369 3398 ¹²
1396 3362 1679 3412 Proeszdeboet,
1713 3375 1736 3400 ε
1779 3361 2071 3403 commandaxt
2103 3366 2161 3401 un

378 3421 400 3456 '¹
427 3421 569 3474 Cujus
586 3435 636 3466 se
649 3428 852 3477 rapporte
869 3421 896 3464 a
912 3421 1042 3464 l'idee
1057 3425 1104 3464 et
1119 3433 1212 3464 non
1270 3430 1397 3504 corps
1415 3418 1752 3479 d'observauon.
1773 3427 1796 3451 ›
2068 3463 2078 3474 ·

324 3487 382 3517 au
413 3482 509 3518 mot
538 3476 748 3529 exprime.
780 3474 1023 3518 Servitium
1053 3478 1122 3516 est
1151 3485 1213 3516 un
1321 3471 1338 3504 ¹
1393 3470 1471 3532 Epa
1500 3466 1772 3532 dcfficuhpst
1804 3476 1972 3511 retum,
2000 3465 2160 3509 0.-a-d.

321 3531 418 3571 mot
448 3530 662 3579 collectis,
701 3539 872 3572 comme
910 3538 1023 3570 nous
1059 3528 1213 3569 disens
1269 3537 1325 3567 ea:
1373 3522 1540 3567 eraculo
1560 3520 1779 3565 Catulum.

323 3578 606 3635 domesticae,
637 3594 698 3623 un
735 3581 977 3623 nombreux
1012 3578 1215 3621 domesti-
1324 3536 1370 3610 1?
1395 3575 1645 3618 Descmsue
1679 3578 1799 3619 erat,
1835 3572 2164 3639 sous-erteudu
