2525 3984
362 149 477 208 252
1012 142 1061 201 N
1066 142 1563 201 ARRATIONES.

364 279 460 340 tati
492 296 508 341 :
534 287 591 339 et
609 277 886 338 vulnerati
914 273 1149 356 quidam
1175 274 1494 355 necatique,
1525 274 1571 333 si
1614 274 1804 333 vultus
1828 293 2027 334 eorum
2054 274 2236 335 iudi-

363 358 575 437 gnitate
598 378 791 419 rerum
814 354 996 416 aerior
1007 356 1055 391 ⁸⁰
1082 353 1355 415 victorem
1374 353 1713 415 offendisset.
1742 356 1826 414 lta
1845 352 2085 414 traducti
2109 355 2230 416 sub

367 444 590 517 jugum,
618 444 672 497 et
686 481 706 511 ,
727 434 877 516 quod
910 454 1069 515 paene
1095 432 1323 514 gravius
1349 442 1502 510 erat,
1529 454 1628 514 per
1652 433 1904 493 hostium
1937 436 2225 496 oculosfl.

371 522 558 586 Quum
600 536 666 576 ex
705 517 852 576 saltu
890 512 1226 590 evasissent,
1264 513 1394 590 etsi,
1431 515 1584 574 velut
1628 512 1700 573 ab
1743 511 1937 572 inferis
1979 515 2222 575 extracti

370 607 488 658 tum
513 595 770 675 primum
793 596 979 655 lucem
999 592 1248 675 aspicere
1266 591 1371 654 visi
1399 600 1533 653 sunt
1546 594 1619 668 ⁸²,
1647 600 1838 653 tamen
1864 591 1986 671 ipsa
2013 593 2109 651 lux
2134 594 2221 655 ita

366 675 616 735 deforme
641 672 995 735 intuentibus
1012 693 1217 754 agmen
1240 671 1398 734 omni
1420 680 1604 734 morte
1626 670 1840 733 tristior
1861 671 1990 731 fuit.
2020 674 2217 753 ltaque

406 775 547 815 uum
580 762 711 815 ante
746 761 971 814 noctem
1002 753 1257 833 Capuam
1360 751 1586 813 rvenire
1620 758 1878 831 possent,
1917 750 2115 813 incerti
2145 752 2219 813 de

365 776 475 895 lide.
520 833 837 908 sociorum,
880 839 937 893 et
950 875 973 908 ,
1012 830 1164 913 quod
1204 773 1388 912 pqur
1427 831 1834 913 praepediebat,
1871 830 2022 892 circa
2060 831 2213 892 viam

366 913 518 974 haud
548 914 745 993 procul
773 912 853 973 Ca
893 931 967 972 ua
986 910 1248 972 omnium
1270 910 1432 992 egeni
1445 912 1494 948 ⁸⁸
1516 931 1751 991 corpora
1776 908 1941 970 humi
1971 919 2214 991 prostra-

361 1000 589 1052 verunt.
621 992 785 1065 Quod
824 1012 864 1051 u
905 990 922 1051 i
951 998 1035 1052 est
1062 991 1319 1072 Capuam
1344 989 1707 1066 nuntiatum,
1734 989 1901 1051 evicit
1928 989 2212 1051 miseratio

364 1072 516 1161 justa
547 1071 831 1133 sociorum
858 1092 925 1131 su
965 1069 1183 1132 erbiam
1208 1070 1519 1151 ingenitam
1543 1070 1867 1150 Campanis,
1901 1070 2211 1132 Confestim

367 1151 612 1233 insignia
637 1172 739 1213 sua
764 1170 938 1212 consu
962 1149 1112 1228 ibus,
1142 1151 1340 1227 fasceS,
1368 1149 1613 1227 lictoreS,
1642 1169 1825 1226 arma,
1858 1150 2054 1230 equos,
2080 1170 2209 1211 ves-

371 1231 630 1308 timenta,
653 1238 1003 1293 commeatus
1025 1229 1306 1291 militibus
1334 1229 1463 1291 beni
1546 1251 1578 1291 e
1604 1230 1878 1307 mittunt;
1908 1238 1963 1290 et
1987 1229 2210 1292 venien-

367 1311 519 1372 tibus
541 1312 796 1391 Capuam
817 1318 1053 1372 cunctus
1081 1318 1306 1371 senatus
1328 1330 1481 1401 popu
1504 1330 1682 1391 usque
1715 1309 1938 1370 obviam
1967 1311 2170 1391 egressi
2191 1356 2212 1385 ,

366 1389 529 1469 justis
544 1389 808 1451 omnibus
819 1388 1192 1470 hospitalibus
1197 1434 1216 1466 ,
1230 1389 1571 1471 privatisque
1581 1398 1635 1450 et
1685 1388 1887 1450 ublicis
1898 1391 1925 1449 s
1922 1399 2215 1471 unguntur

367 1468 590 1546 officiis,
622 1489 805 1551 neque
831 1469 940 1531 illis
967 1469 1252 1531 sociorum
1281 1468 1539 1545 comitaS,
1560 1491 1635 1529 vu
1659 1477 1860 1549 tusque
1880 1468 2132 1550 benigni,
2155 1479 2215 1530 et

367 1549 473 1609 allo
516 1548 613 1611 uia
626 1550 674 1585 ὅ*
703 1570 816 1609 non
853 1549 1023 1611 modo
1052 1569 1375 1610 sermonem
1413 1547 1637 1624 elicere,
1670 1548 1765 1610 sed
1795 1568 1891 1624 ne,
1918 1556 1984 1609 ut
2021 1551 2214 1611 oculos

367 1628 463 1710 qui
505 1650 598 1690 em
624 1630 977 1705 attollerent,
1000 1637 1102 1689 aut
1126 1631 1474 1690 consolantes
1503 1628 1717 1690 amicos
1737 1629 1991 1690 contra⁸⁸
2015 1628 2214 1689 intue—

366 1716 588 1785 rentur,
612 1710 834 1770 efficere
892 1716 1131 1769 oterant.
1157 1708 1315 1769 Adeo
1333 1728 1504 1790 super
1533 1727 1838 1770 moerorem
1872 1708 2054 1789 pudor
2070 1708 2215 1789 qui—

365 1786 499 1848 dam
533 1789 727 1870 fugere
762 1789 848 1849 col
872 1787 1042 1868 oquia
1067 1795 1123 1848 et
1149 1796 1329 1849 coetus
1350 1788 1654 1849 hominum
1686 1787 1950 1868 cogebat!
1983 1790 2214 1849 Postero

365 1865 458 1927 die
484 1887 666 1948 quum
688 1868 924 1950 juvenes
951 1865 1193 1943 nobiles,
1220 1865 1380 1929 missi
1414 1888 1448 1929 a
1473 1869 1690 1949 Capua,
1715 1874 1779 1928 ut
1798 1867 2215 1957 proficiscentes

366 1946 436 2007 ad
473 1947 649 2008 finem
693 1967 1037 2028 campanum
1069 1955 1567 2029 prosequerentur,
1607 1955 1994 2025 revertissent3
2032 1966 2214 2009 voca—

365 2025 524 2165 tigue
561 2027 623 2087 in
663 2026 908 2105 curiam,
945 2026 1445 2108 percunctantibus
1480 2027 1792 2109 majoribus
1829 2035 1990 2103 natu,
2024 2028 2210 2088 multo

365 2104 411 2164 si
457 2105 474 2163 i
502 2107 817 2169 moestiores
840 2115 898 2167 et
937 2106 1256 2186 abjectioris
1298 2106 1474 2169 animi
1513 2107 1686 2183 visos,
1725 2107 2034 2183 referrent;
2069 2106 2208 2167 adeo

365 2184 559 2258 silenS,
607 2204 673 2245 ac
720 2206 896 2274 prope
937 2192 1169 2245 mutum
1209 2206 1415 2265 agmen
1462 2186 1752 2249 incessisse
1790 2204 1806 2248 ε
1862 2208 1894 2245 (ι
1931 2187 2142 2246 Tacere
2158 2186 2204 2222 ⁸⁶

372 2260 695 2324 «indolem
728 2265 889 2325 illam
918 2283 1218 2326 romanam
1231 2265 1278 2301 ⁸⁷
1283 2309 1305 2341 ,
1342 2266 1527 2327 ablato
1595 2288 1667 2328 ue
1701 2286 1834 2328 cum
1866 2264 2041 2326 armis
2075 2266 2209 2325 ani-

373 2362 405 2401 «
445 2358 607 2421 mos3
645 2363 761 2403 non
796 2342 1031 2405 reddere
1056 2344 1323 2422 salutem,
1364 2365 1479 2406 non
1514 2366 1576 2406 sa
1598 2344 1882 2406 utantibus
1917 2342 2054 2404 dare
2094 2364 2208 2405 res-

279 2465 286 2468 -
373 2443 405 2482 a
443 2443 714 2505 pensum,
750 2443 866 2486 non
906 2422 1125 2485 hiscere
1169 2444 1519 2506 quemquam
1563 2446 1680 2506 prae
1720 2433 1877 2485 metu
1918 2423 2163 2504 potuisse
2179 2440 2200 2501 ;

374 2524 405 2563 t(
446 2510 718 2585 tanquam
752 2501 1063 2565 ferentibus
1097 2502 1285 2567 adhuc
1319 2503 1633 2566 cervicibus
1671 2505 1902 2584 jugum,
1942 2502 2047 2564 sub
2092 2524 2204 2583 quo

375 2605 407 2644 a
444 2583 635 2645 emissi
673 2591 878 2645 essent.
917 2582 1138 2645 Habere
1168 2582 1451 2646 Samnites
1483 2582 1803 2658 victoriam,
1839 2603 1951 2643 non
1979 2584 2206 2663 praecla-

419 2759 466 2794 ⁸⁰
492 2759 769 2817 Indignum
793 2759 964 2804 aer-ior.
996 2773 1018 2798 ‹
1034 2759 1133 2814 plus
1158 2759 1254 2811 fler,

364 2812 464 2907 ptus
491 2812 674 2877 hautatu
709 2825 797 2869 que
829 2826 889 2878 ne
920 2814 965 2856 le
996 2813 1259 2873 comportatt

367 2864 1259 2981 dffiffiaeesgdgagd'ffegussngoffgigbfe

366 2970 574 3013 toutefois
596 2982 683 3025 que
698 2972 744 3014 le
762 2983 866 3014 sens
891 2972 937 3015 le
957 2972 1058 3025 plus
1081 2971 1257 3014 natm-el

365 3025 435 3065 est
474 3033 497 3058 α
518 3025 740 3077 empreint
766 3024 898 3067 d'une
933 3024 1121 3068 douleur
1157 3029 1257 3079 trop

364 3074 485 3139 flere²
522 3086 604 3129 par
638 3077 753 3120 suite
783 3077 839 3120 de
871 3074 1119 3138 ringiignite
1154 3077 1257 3120 d'un

362 3129 504 3181 pai-eil
523 3129 791 3172 traitement.
813 3141 834 3166 ι
853 3127 1129 3182 Ιηάιρπὶωίε
1144 3131 1258 3173 dans

364 3182 404 3224 le
424 3192 530 3224 sens
552 3182 609 3226 de
629 3179 681 3224 ob
699 3180 1025 3240 indiqnitatem.

416 3232 462 3267 ⁵²
494 3232 713 3278 Tradite&
739 3246 826 3291 per
865 3231 1054 3277 hostium
1091 3233 1254 3289 oculos,

365 3287 605 3332 admirable
631 3288 821 3332 alflance
852 3290 908 3331 de
935 3293 1067 3332 mota.
1097 3286 1257 3333 O'etait

363 3352 450 3395 peu
467 3341 525 3385 de
552 3354 705 3395 passer
722 3354 825 3385 sous
845 3343 891 3385 le
935 3352 1044 3397 oum
1070 3344 1130 3387 ils
1154 3354 1256 3396 pas-

361 3395 509 3437 saient
559 3407 621 3438 ar
638 3394 701 3438 les
752 3393 911 3438 eunde
951 3396 1135 3439 ennensi.

415 3445 462 3479 δ’
530 3447 587 3489 ssi
618 3460 698 3490 sun
740 3478 753 3496 ,
805 3450 1129 3492 sous-entendu
1164 3446 1255 3490 sibi

367 3498 377 3509 '
408 3499 465 3542 εἰ.
484 3499 544 3543 Ils
564 3500 905 3558 s’imaginaient,
931 3502 988 3545 tls
1013 3501 1254 3555 pouvaient

361 3511 662 3606 ymaginem..

1365 2757 1412 2791 ⁸⁸
1441 2756 1605 2815 qum‘.
1634 2756 1727 2802 Des
1752 2760 2014 2804 manuscrits
2028 2762 2204 2811 portent

1309 2822 1479 2906 ‘932⁰ss
1487 2861 1658 2921 lloquia
1670 2863 2015 2926 (παραμύθιαι),
2033 2866 2206 2920 parole}

1311 2925 1370 2969 do
1384 2926 1677 2986 consolation,
1695 2928 2003 2981 eompliments
2023 2929 2079 2971 de
2096 2939 2200 2969 con·

1311 2978 1630 3080 ᾱοέἓωᾶἰῗέφα,
1663 3045 1688 3072 c
1702 3045 1759 3075 en
1778 3034 1890 3078 face.
1916 3046 1940 3071 >
2071 3086 2082 3095 ⁸

1365 3082 1423 3149 ¹53⁸
1443 3084 1625 3128 Tacere.
1658 3083 1873 3150 D’autres·
1886 3087 2028 3130 lisent.
2050 3098 2203 3142 jacere

1310 3147 1368 3179 au
1392 3138 1484 3180 heu
1514 3139 1571 3203 de
1607 3138 1770 3204 tacere,
1801 3151 1877 3194 qm
1907 3140 2006 3183 leur
2034 3139 2203 3203 semble

1309 3189 2206 3310 ffssgpffi“22¹l‘‡;0ffi⁸r¹ei1¹?⁸.f3{?zi³2⁹33

1309 3302 1741 3409 zamam&
1771 3309 2202 3408 „tffifflfflsszii

1311 3401 1591 3490 deploratum
1602 3416 1779 3455 nomen,
1806 3414 1887 3452 etc.
2088 3458 2097 3468 ,

1387 3456 1408 3491 '1
1436 3454 1638 3500 Indolem
1664 3469 1910 3506 romanam,
1937 3470 2051 3511 pour
2080 3468 2205 3514 moo-

1307 3510 1385 3553 nia
1409 3521 1611 3559 romana,
1629 3510 1675 3553 la
1692 3509 1817 3553 fiet-te
1838 3511 2050 3554 romaine.
