2525 3984
326 112 409 174 70
974 107 1019 166 Ν
1026 107 1407 168 ARRATloN
1416 107 1528 168 Es.

272 302 275 305 ,
326 248 487 305 huno
504 242 816 325 respondit,
854 241 1156 305 consilium
1190 241 1425 323 quidem
1466 241 1650 302 fidum
1684 247 1853 323 atque
1926 243 2186 309 rovidens

329 324 438 389 sibi
471 323 715 386 viderier
760 341 777 385 ε
822 344 855 383 α
889 322 986 385 sed
1021 321 1156 383 istos
1172 366 1194 399 ,
1230 320 1418 404 inquit
1434 367 1457 398 ,
1486 321 1697 383 milites
1746 342 1859 402 qua
1932 321 2187 415 ‘ngentos

265 424 268 428 “
328 404 401 468 ad
446 425 582 466 eum
622 404 812 465 locum
846 401 908 463 in
948 400 1201 463 hostium
1251 421 1459 463 cuneos
1502 403 1549 439 '⁰
1564 445 1585 477 ,
1622 400 1887 492 quisnam
1929 411 2039 465 ent
2081 405 2185 487 qui

329 482 539 545 ducat?
567 517 650 533 -
668 482 729 545 Si
750 483 927 544 alium
945 527 967 558 ,
988 481 1176 563 inquit
1199 480 1487 558 tribunuS,
1515 502 1810 543 nemmem
1832 482 2070 564 reperiri,
2093 504 2186 546 me

329 562 462 655 licet
490 563 560 624 ad
593 564 702 703 1500
736 562 1054 644 periculum
1089 569 1250 623 utare
1281 577 1299 624 τ
1329 581 1432 643 ego
1458 562 1609 623 hanc
1646 560 1748 623 tibi
1780 570 1837 623 et
1861 562 2188 644 reipublicae

330 662 586 704 ammam
648 665 703 704 0.
728 665 758 703 »

409 723 618 785 Consul
645 722 876 784 tribuno
912 719 1124 804 gratias
1142 720 1449 803 laudesque
1480 721 1615 803 egit.
1639 720 1933 783 'Tribunus
1952 728 2011 783 et
2036 743 2187 804 qua-

328 801 614 883 dringenti
629 802 700 864 ad
714 802 1076 864 moriendum
1099 800 1557 883 proficiscuntur.
1578 803 1779 864 Hostes
1799 822 2000 863 eorum
2013 802 2187 865 auda-

331 880 479 944 ciam
528 882 883 943 demirantur
926 900 942 944 :
989 902 1263 964 quorsum
1305 880 1388 943 ire
1418 889 1681 963 pergant,
1718 880 1780 942 in
1813 882 2185 964 exspectando

329 965 538 1027 sunt¹¹,.
570 962 680 1023 Sed
715 962 813 1022 uhi
852 961 1115 1044 apparuit
1127 964 1171 999 ¹⁸
1205 961 1277 1023 ad
1304 962 1566 1023 eamdem
1589 981 1888 1024 verrucam
1908 982 2188 1042 occupan-

328 1041 464 1102 dam
488 1040 598 1102 iter
618 1040 934 1118 intendere,
957 1041 1135 1103 mittit
1154 1040 1454 1103 adversum
1475 1040 1603 1102 illos
1622 1041 1933 1124 imperator
1953 1043 2187 1104 cartha-

371 1119 601 1182 'niensis
642 1121 956 1203 peditatum
995 1120 1425 1212 equitatumque
1443 1167 1463 1197 ,
1501 1143 1643 1203 quos
1673 1122 1735 1182 in
1761 1119 2010 1183 exercitu
2039 1121 2186 1183 viros

373 1200 533 1261 abuit
567 1200 986 1263 strenuissimos
1000 1203 1068 1260 ¹⁸.
1101 1203 1345 1262 Romam
1379 1200 1590 1262 milites
1618 1201 2183 1279 circumveniuntur3

330 1278 701 1341 circumventi
723 1288 1061 1363 repugnant.
1085 1280 1177 1341 Fit
1196 1280 1461 1361 praelium
1481 1280 1583 1342 diu
1604 1298 1808 1362 anceps
1830 1281 1898 1341 ¹⁸.
1928 1280 2184 1342 Tandem

331 1367 560 1440 superat
601 1360 929 1421 multitudo·
978 1359 1388 1441 Quadringenti
1435 1381 1634 1422 omnes
1679 1381 1815 1422 cum
1848 1363 2026 1421 uno¹²⁵
2060 1382 2188 1441 per-

330 1437 464 1499 fossi
481 1438 705 1520 gladiis,
715 1448 814 1501 aut
849 1438 1158 1501 missilibus
1173 1439 1354 1521 operti
1370 1440 1415 1478 ¹⁸
1436 1440 1668 1502 eadunt.
1693 1440 1903 1502 Consul
1932 1438 2186 1517 interibi,

332 1517 472 1578 dum
492 1538 559 1579 ea
579 1541 770 1610 pugna
789 1520 878 1595 fit,
893 1539 952 1580 se
972 1519 1034 1581 in
1055 1520 1206 1581 locos
1220 1527 1372 1581 tutos
1391 1527 1447 1581 at
1528 1540 1559 1581 e
1573 1519 1753 1581 editos
1768 1518 2053 1581 subducit.
2077 1520 2187 1581 Sed

331 1597 484 1678 quod
522 1597 605 1659 ilh
629 1598 860 1661 tribuno
892 1598 1024 1660 duci
1052 1599 1307 1663 militum
1335 1620 1449 1681 qua
1488 1599 1887 1680 ringentorum
1914 1598 2187 1662 divinitus

331 1675 394 1737 in
414 1697 479 1738 eo
501 1677 695 1759 praelio
716 1700 855 1741 usus
875 1678 1053 1755 venit,
1088 1699 1205 1740 non
1233 1679 1357 1760 jam
1379 1678 1588 1741 nostris
1618 1680 1715 1742 sed
1749 1678 1929 1761 ipsius
1957 1679 2186 1741 Catonis

330 1755 516 1818 verbis
551 1758 919 1840 subjecimus.
957 1757 1145 1821 Verba
1178 1757 1410 1820 Catonis
1446 1776 1463 1820 z
1508 1781 1540 1819 c<
1561 1758 1653 1819 Dii
1694 1758 2046 1820 immortales
2084 1759 2188 1819 tri-

331 1835 488 1898 buno
523 1837 777 1898 militum
816 1840 1107 1901 fortunam
1139 1857 1209 1899 ex
1246 1837 1458 1900 virtute
1492 1838 1615 1900 e'us
1649 1838 1876 1899 dedere.
1918 1839 2065 1899 Nam
2105 1838 2189 1900 ita

333 1915 520 1976 evenit
556 1934 572 1977 ε
612 1937 793 1997 quum
830 1918 1052 1979 saucius
1093 1916 1469 1980 multifariam
1510 1861 1592 1978 iiii
1632 1918 1815 1979 factus
1846 1925 2017 1992 esset,
2060 1925 2186 1978 tum

333 1995 540 2055 vulnus
562 1996 730 2076 capiti
751 1998 978 2059 nullum
1007 1997 1232 2059 evenit:
1257 2018 1553 2079 quumque
1580 1997 1731 2058 inter
1751 2005 2007 2058 mortuos
2035 1996 2188 2058 defa-

333 2071 577 2154 tigatum
618 2076 947 2137 vulneribus
986 2097 1246 2158 aegreque
1289 2077 1626 2158 spirantem,
1678 2077 1830 2158 quod
1872 2097 2122 2167 sanguen
2140 2078 2187 2114 ¹⁷

336 2151 666 2230 defluxerat,
689 2174 1020 2235 cognovere,
1041 2176 1177 2217 eum
1205 2159 1501 2219 sustulere.
1542 2159 1708 2237 Isque
1730 2157 2015 2217 convaluit
2039 2175 2056 2218 z
2088 2177 2188 2217 sae-

336 2250 518 2371 peaeffiie
560 2241 684 2323 Rost
723 2233 822 2295 illa
853 2255 1085 2316 operam
1112 2235 1440 2317 reipublicae
1467 2237 1675 2298 fortem
1702 2241 1870 2317 atque
1896 2242 2185 2296 strenuam

336 2331 438 2392 per
480 2311 646 2373 1bu1t.
669 2314 831 2393 (Αυι.
857 2316 1022 2392 Gau,
1044 2337 1144 2392 111,
1166 2337 1218 2379 c.
1262 2318 1352 2395 7.)

390 2465 437 2500 1⁰
463 2464 523 2508 In
540 2463 726 2511 huetium
750 2481 922 2517 euneos.
947 2483 971 2509 ε
987 2470 1143 2514 contre
1164 2470 1233 2514 les
1344 2468 1390 2505 ¹⁸
1419 2468 1757 2514 Strenuiteimos
1793 2468 2034 2514 arehatsme
2055 2468 2186 2522 qu‘on

335 2530 503 2564 messes
529 2525 774 2574 ennemies,
793 2536 816 2561 ι
847 2523 914 2566 Le
934 2535 1097 2566 cuneus
1119 2524 1234 2567 n'est
1287 2527 1525 2567 rencontre
1550 2523 1664 2566 dans
1681 2501 1875 2567 Saliuste
1903 2526 1950 2566 et
1974 2523 2085 2565 dans
2102 2521 2189 2564 Ta·

335 2585 416 2669 gas
430 2574 678 2621 seulement
691 2575 851 2620 l’ordre
869 2577 925 2619 de
940 2577 1126 2620 bataille
1146 2589 1233 2631 que
1287 2578 1393 2620 cite.

367 2625 476 2671 ecrit
509 2626 576 2670 ve
607 2628 710 2681 ece,
751 2631 896 2673 savoir
934 2631 978 2672 le
1018 2629 1114 2671 coin
1133 2659 1145 2682 ,
1186 2630 1232 2672 le
1343 2627 1389 2663 1⁸
1415 2628 1609 2681 Anceps.
1639 2627 1794 2681 Voyez
1826 2639 1902 2671 sur
1928 2638 1979 2668 ce
2019 2630 2113 2667 mot
2140 2626 2188 2669 la

337 2680 542 2732 mangle,
599 2694 626 2724 e
662 2687 796 2738 caput
824 2682 1088 2738 porcinum3
1127 2681 1235 2725 c'est
1286 2681 1514 2725 nai-ration
1543 2681 1603 2723 du
1632 2677 1821 2724 Combat
1850 2678 1924 2722 dee
1954 2676 2184 2729 Horacet,

337 2743 498 2774 encore
520 2744 608 2774 une
626 2746 771 2778 masse
787 2741 1032 2798 compacte,
1051 2732 1233 2779 collecta
1289 2749 1316 2789 p
1374 2747 1400 2777 e
1422 2733 1494 2783 53,
1510 2744 1557 2775 n.
1577 2733 1647 2785 31,
1669 2737 1777 2776 note
1792 2734 1835 2777 8.

339 2783 392 2825 in
409 2795 546 2825 unum
562 2784 752 2828 militum
774 2787 1027 2830 multitudo.
1366 2786 1388 2820 ⁸
1418 2786 1529 2830 Cum
1545 2798 1654 2836 uno,
1672 2798 1783 2839 pour
1795 2783 1857 2829 αὖ
1876 2797 2027 2837 tmu'mv
2045 2783 2185 2827 ῘΟΠΠΘ

394 2834 437 2868 11
456 2836 516 2878 In
530 2839 819 2887 exspectando
835 2844 956 2892 sunt,
975 2853 1146 2885 comme
1164 2840 1233 2885 s'il
1289 2842 1365 2895 qui
1381 2840 1497 2884 n'est
1511 2852 1590 2893 pas
1606 2840 1633 2882 a
1649 2841 1812 2883 imiter.

340 2898 372 2941 5
388 2889 506 2931 avait
524 2892 842 2947 exspectatione
859 2893 1062 2948 suspensi
1081 2896 1234 2937 atten-
1345 2892 1391 2926 ¹⁶
1420 2892 1597 2949 Operti,
1617 2905 1729 2947 pour
1750 2890 1917 2936 obruti.

343 2938 468 2984 aunt.
1344 2945 1390 2980 17
1415 2944 1643 3002 Sanquen,
1675 2959 1786 3001 pour
1821 2945 2022 3000 sanquis,
2057 2945 2185 2989 rieux

397 2990 443 3027 ²¹
474 2989 562 3036 Ubi
594 2998 818 3052 apparuit,
863 3009 887 3036 ι
922 2997 1002 3041 dea
1036 2998 1140 3055 qu'il
1169 3000 1236 3043 fut
1288 3002 1382 3042 mot
1428 3001 1538 3042 uiae
1556 3006 1708 3042 trouve
1728 3001 1839 3043 dans
1865 2998 2051 3049 Ennius,
2072 2999 2184 3041 dan·

340 3044 516 3089 vtn'ble.
541 3060 566 3086 ι
1291 3051 1360 3095 Lu
1434 3064 1502 3104 ce,
1523 3053 1636 3095 dana
1651 3052 1825 3097 Van-on
1839 3056 1887 3096 et
1902 3056 2063 3096 autres.

709 3340 757 3348 -οε-
764 3341 868 3349 ov—-nn
875 3342 899 3349 .-
909 3341 1839 3356 Ὁ--οἯΜ-υ-ο-σι
