2525 3984
980 111 1531 172 NARRATlONES.
2095 119 2172 180 39

335 251 469 302 sunt
502 259 520 305 ε
564 250 621 304 et
654 243 905 325 sepultus
948 243 1019 307 ab
1063 244 1324 306 universo
1363 243 1590 306 achaico
1624 250 1709 305 est
1742 243 2003 322 concilio,
2037 247 2175 310 adeo

336 320 603 382 omnibus
626 323 893 384 humanis
916 323 1193 405 congestis
1226 324 1562 399 honoribuS,
1596 330 1663 382 ut
1697 343 1768 382 ne
1808 323 2014 386 divinis
2040 327 2176 408 qui-

335 398 472 460 dem
496 399 899 466 abstineretur:
922 403 1009 463 Ab
1038 402 1407 484 scriptoribus
1431 406 1628 463 rerum
1653 401 1849 482 graecis
1875 404 2036 464 latini
2083 400 2089 408 ’
2144 427 2177 469 e

339 482 563 540 tantum
593 480 731 542 huic
758 481 881 542 viro
906 482 1204 559 tribuitur,
1229 491 1302 545 ut
1336 502 1371 544 a
1398 481 1739 564 quibusdam
1767 502 1992 559 eorum,
2021 504 2088 546 ve
2110 493 2178 547 ut

336 555 407 616 ad
445 555 729 640 insignem
754 569 951 622 notam
985 562 1159 642 hujus
1193 561 1354 638 anni,
1381 561 1672 623 memoriae
1703 561 2038 623 mandatum
2077 563 2174 640 sit,

338 645 449 697 tres
476 639 654 700 claros
674 639 1042 721 imperatores
1065 661 1131 703 eo
1150 661 1300 703 anno
1319 640 1640 715 decessisse,
1666 640 2175 720 Philopoemenem,

335 713 701 795 Annibalem,
736 721 804 780 P.
844 719 1207 801 Scipionem:
1246 721 1387 783 adeo
1414 719 1476 781 in
1501 740 1661 800 aequo
1679 721 1726 758 ¹⁹
1769 738 1905 779 eum
1930 720 2174 783 duarum

337 795 859 873 potentissimarum
899 799 1156 879 gentium
1199 797 1443 861 summis
1486 798 1921 880 imperatoribus
1966 820 2175 880 posue-

338 881 496 936 runt.
521 877 849 955 (Tm-Lm,
874 897 1071 955 xxxix,
1103 899 1155 941 c.
1183 882 1288 956 49,
1315 882 1442 956 50.)

899 1164 1228 1221 a-mm
1277 1163 1610 1220 n’uncus.
1640 1144 1650 1152 “

334 1285 501 1330 Atticus
524 1284 671 1344 (ritus
703 1290 1005 1348 Pomponius),
1024 1292 1240 1337 chevalier
1261 1292 1452 1343 romain,
1484 1290 1555 1334 fut
1587 1290 1677 1333 ami
1707 1288 1863 1332 intime
1891 1287 1945 1332 de
1975 1286 2174 1344 Cicbron,

395 1343 471 1399 qui
492 1346 609 1388 avait
625 1348 690 1390 616
709 1359 791 1391 son
812 1348 1089 1406 condisciple.
1118 1351 1313 1393 Pendant
1337 1348 1400 1392 lec
1432 1361 1608 1405 guerre·
1629 1347 1773 1390 civiles
1797 1348 1851 1390 de
1871 1346 2031 1390 Marius
2052 1356 2094 1390 et
2116 1348 2172 1392 de

393 1399 513 1458 sylla
533 1401 566 1445 il
590 1415 638 1445 oe
657 1404 787 1448 retii-a
805 1412 831 1448 a
856 1405 1060 1459 Atheneo,
1078 1405 1138 1450 οὺ
1158 1406 1191 1449 il
1212 1405 1355 1463 apprit
1375 1405 1410 1448 si
1461 1405 1734 1448 arfaitemem
1752 1403 1795 1445 la
1817 1403 1975 1458 langue
2021 1416 2176 1460 reoque

392 1470 479 1512 que
514 1457 557 1502 le
588 1473 770 1504 curnem
805 1463 1012 1506 d'Aaicas
1047 1463 1111 1506 lui
1144 1477 1202 1506 en
1237 1473 1302 1506 eet
1333 1476 1400 1506 res
1446 1492 1459 1504 .
1492 1463 1550 1504 De
1583 1473 1728 1505 retour
1759 1460 1787 1503 ὲ
1822 1463 1954 1502 Rome
1976 1418 2174 1506 {fret-ua

396 1522 720 1562 comtammem
740 1517 800 1560 les
822 1518 1006 1574 emploic
1027 1518 1197 1576 publice
1248 1532 1332 1562 our
1351 1533 1399 1563 se
1415 1518 1544 1560 livrer
1563 1531 1664 1560 sans
1685 1519 1848 1559 reserve
1871 1529 1950 1559 aux
1971 1515 2114 1562 lettres
2137 1528 2176 1562 et

396 1569 423 1613 ὲ
458 1569 649 1617 Ιίιιιὶῑίέ.
686 1574 853 1617 Atticus
887 1575 1003 1617 avait
1030 1589 1187 1630 compo
1269 1577 1344 1617 dee
1375 1576 1568 1616 Annales
1604 1573 1681 1627 qui
1712 1587 1770 1615 ne
1789 1585 1902 1613 nous
1926 1582 2028 1615 sont
2054 1574 2178 1628 point

391 1641 651 1682 parvenuee.
677 1633 735 1671 La
758 1630 821 1673 vie
844 1629 1053 1674 d’Atticuc
1073 1645 1151 1687 par
1172 1630 1398 1674 Cornelius
1418 1632 1560 1686 Nepos
1579 1639 1643 1673 eet
1663 1643 1726 1672 un
1749 1641 1953 1671 morceau
1971 1642 2057 1685 que
2075 1630 2178 1672 l'au·

399 1693 497 1726 teur
517 1698 544 1728 a
568 1685 764 1729 travaille
786 1701 885 1730 avec
904 1700 967 1730 un
986 1688 1083 1730 eoin
1104 1690 1300 1731 extreme.

418 1816 615 1887 Quum
639 1825 856 1897 septem
883 1825 939 1878 et
960 1817 1349 1898 septuaginta¹
1378 1835 1556 1878 annos
1582 1834 1710 1876 com
1751 1815 1915 1873 lesset
1934 1810 2178 1889 AtticuS,

338 1901 507 1974 atque
532 1893 604 1956 ad
627 1903 939 1957 extremam
971 1904 1318 1958 senectutem
1352 1916 1469 1956 non
1493 1894 1684 1956 minus
1744 1891 1976 1972 ignitate
2005 1911 2179 1972 quam

340 1972 522 2052 gratia
544 1974 882 2056 fortunaque
913 1975 1175 2038 crevisset
1206 1977 1437 2055 (multas
1463 1974 1618 2037 enim
1645 1970 1996 2033 haereditates
2023 1973 2180 2033 nulla

340 2051 451 2113 alia
472 2072 534 2113 re
563 2073 735 2133 quam
757 2053 1009 2117 bonitate
1028 2064 1111 2116 est
1128 2058 1509 2134 consecutus),
1527 2063 1623 2115 tan
1720 2072 1792 2112 ue
1815 2049 2181 2140 prosperitate

340 2149 478 2192 usus
502 2139 646 2192 esset
664 2133 1023 2212 valetudinis,
1047 2143 1112 2195 ut
1131 2135 1296 2196 annis
1319 2133 1550 2215 triginta
1576 2153 1668 2193 me
1709 2131 1858 2191 »cina
1881 2151 1997 2191 non
2019 2128 2180 2189 mdi-

340 2208 552 2288 guisset
563 2225 589 2288 ς
616 2221 816 2274 nactus
834 2221 919 2274 est
936 2218 956 2249 ²
983 2214 1278 2290 morbum,
1303 2234 1475 2295 quem
1497 2210 1660 2273 initio
1677 2218 1734 2272 et
1756 2209 1875 2290 ipse
1897 2217 1954 2270 et
1973 2207 2178 2299 medici

341 2297 565 2350 contem
606 2300 836 2354 serunt:
862 2313 999 2354 nam
1023 2301 1299 2374 putarunt
1329 2313 1449 2355 esse
1470 2300 1788 2365 tenesmon,
1813 2288 1907 2349 cui
1931 2287 2180 2350 remedla

342 2367 546 2457 celeria
562 2311 858 2452 faciliaque
882 2373 1360 2454 proponebantur.
1390 2374 1456 2433 ln
1473 2372 1581 2432 hoc
1613 2388 1796 2452 quum
1824 2375 1935 2428 tres
1957 2387 2176 2457 menses

340 2465 463 2508 sine
476 2446 609 2508 ullis
628 2448 940 2526 doloribus,
956 2460 1333 2534 praeterquam
1349 2471 1488 2533 quos
1508 2471 1575 2512 ex
1594 2447 1884 2511 curatione
1903 2445 2179 2526 capiebat,

340 2527 803 2607 consumpsisset,
831 2531 1018 2592 subito
1041 2539 1195 2593 tanta
1222 2532 1308 2592 vis
1333 2529 1519 2592 morbi
1542 2529 1602 2590 in
1633 2547 1820 2589 unum
1843 2523 2180 2586 intestinum

340 2604 624 2686 prorupit,
670 2616 735 2668 ut
774 2617 1025 2673 extremo
1065 2619 1321 2692 tempore
1358 2630 1482 2691 per,
1502 2607 1729 2669 lumbos
1766 2605 1955 2665 fistula
1999 2602 2179 2683 putris

322 2683 611 2764 eruperit.
647 2686 834 2768 Atque
873 2689 981 2752 hoc
1012 2690 1347 2771 priusquam
1377 2688 1431 2750 ei
1456 2686 1759 2760 accideret,
1794 2689 2094 2764 postquam
2118 2682 2180 2743 in

340 2759 459 2823 dies
480 2762 699 2826 dolores
718 2787 1035 2830 accrescere
1055 2769 1386 2860 febremque
1409 2763 1703 2830 accessisse
1729 2763 1924 2838 sensit,
1963 2761 2179 2844 Agrip-

338 2859 474 2979 pam
535 2863 774 2906 enerum
806 2846 878 2906 ad
913 2868 973 2909 se
1006 2846 1258 2908 arcessiri
1290 2847 1484 2929 jussit,
1521 2853 1578 2908 et
1603 2865 1736 2906 cum
1762 2865 1829 2906 eo
1865 2844 1931 2903 L.
1960 2842 2181 2904 Corne-

342 2919 488 3007 ·ium
557 2921 777 2999 album,
799 2927 1145 3008 Sextumque
1166 2926 1527 2989 Peducaeum.
1557 2927 1673 2987 Hos
1694 2932 1760 2985 ut
1781 2921 1997 2985 venisse
2014 2921 2179 2999 vidit,

336 3017 402 3058 m
440 2998 703 3090 cubitum
741 3002 1007 3068 innixus:
1057 3029 1089 3066 c<
1112 3008 1421 3084 Quantam,
1463 3004 1672 3088 inquit,
1706 3023 1904 3066 curam
1932 3001 2180 3082 diligen-

347 3098 380 3136 ι(
418 3085 674 3160 tlamque
713 3081 778 3143 in
803 3085 1123 3148 valetudine
1167 3106 1298 3148 mea
1326 3085 1538 3148 tuenda
1574 3087 1683 3147 hoc
1720 3092 1971 3162 tempore
2009 3082 2176 3142 adhi-

338 3236 397 3278 de
413 3236 725 3293 Philopoemen
749 3243 899 3285 ment
920 3242 1069 3297 Ρθηόε
1092 3241 1233 3288 ὲΜό·
1342 3242 1437 3286 ²⁴.
1453 3262 1510 3276 —-
1527 3238 1546 3273 ί
1585 3239 1763 3296 Septem·
1799 3242 1835 3278 Η
1875 3232 2176 3298 sepiar-:ffum-

339 3289 440 3342 ssalo
496 3291 571 3335 lis.
587 3293 670 3336 Pol
700 3296 924 3351 be,jeune
942 3308 1103 3341 encore
1131 3308 1233 3350 pot-
1285 3293 1480 3338 L’annee
1507 3292 1563 3337 77
1584 3291 1709 3345 enit,
1736 3290 1845 3350 dans
1871 3290 1935 3330 les
1959 3290 2079 3326 maces
2107 3298 2176 3326 flu-

339 3342 424 3384 tait
468 3356 579 3388 utne
596 3347 672 3390 fun
701 3349 797 3392 bre.
826 3349 999 3403 Polybc
1024 3327 1136 3394 otest
1158 3349 1231 3392 fils
1285 3348 1590 3402 perstitieusee
1607 3346 1688 3388 des
1713 3342 1983 3414 anffflssssssfffl*
2011 3338 2176 3418 [Jfflflff‘

342 3392 521 3492 de¹÷yln
538 3431 660 3509 aequb
676 3409 952 3510 poiuemnt,
966 3466 1013 3509 p.
1035 3454 1231 3512 oeqm’pa·
1287 3398 2172 3502 ωξῗέἒιξιξόῖῗῖθοξὲτῗϊξὲἰΜἮζψ-έεςῐ

339 3504 522 3546 '‘mm‘-
1289 3510 1360 3551 est
1374 3516 1498 3550 assez
1514 3515 1612 3547 rare
1631 3503 1738 3546 dam
1759 3506 1875 3542 eene
1895 3498 2140 3542 acefffl'ssffl*
