2525 3984
1028 173 1460 232 NARRATtoN
1471 174 1578 232 Es.
2117 175 2144 230 1
2155 175 2231 232 59

391 305 594 369 deinde
621 325 722 366 suo
746 324 901 366 more
924 304 1173 385 patrium
1201 323 1430 366 carmen
1463 312 1762 380 canentes3
1791 314 1917 383 post
1946 306 2049 364 hos
2069 305 2230 365 Chal-

391 385 498 448 daei
538 383 1090 466 Babyloniorumque
1141 404 1256 444 non
1298 392 1450 445 vates
1494 381 1664 443 modo
1681 426 1703 457 ,
1747 382 1843 443 sed
1887 382 2060 444 etiam
2100 383 2234 445 arti-

392 465 524 526 tices
569 484 703 525 cum
747 463 956 524 fidibus
995 462 1083 524 sui
1132 462 1386 555 generis⁸
1439 463 1617 523 ibant.
1666 461 1884 523 Laudes
1925 461 1986 521 hi
2030 481 2233 543 regum

390 564 591 606 canere
617 542 764 604 soliti
781 559 801 621 3
830 542 1075 605 Clialdaei
1105 543 1357 604 siderum
1387 550 1576 603 motus
1613 547 1669 602 et
1704 548 1873 602 statas
1911 539 2057 602 vices
2091 550 2235 602 tem-

389 644 597 704 porum
622 623 934 684 ostendere.
969 620 1201 703 Equites
1225 621 1429 683 deinde
1452 619 1773 701 Babylonii,
1801 640 1902 682 suo
1928 640 2234 701 equorum-

389 722 501 783 que
537 704 695 765 cultu
734 702 805 764 ad
848 701 1133 764 luxuriam
1175 700 1358 782 magis
1408 721 1584 782 quam
1623 699 1695 761 ad
1751 698 2230 781 magnificentiam

388 782 631 858 exacto⁷,
662 780 851 843 ultimi
878 780 1057 845 ibant.
1100 783 1243 856 Rex,
1266 780 1502 843 armatis
1533 778 1794 868 stipatus,
1819 778 2233 861 oppidanorum

390 861 621 922 turbam
661 869 787 942 post
823 859 1055 921 ultimos
1090 859 1304 952 pedites
1344 858 1428 921 ire
1468 860 1637 941 jussit
1675 877 1691 920 τ
1723 858 1842 940 ipse
1883 878 2018 920 cum
2060 878 2232 920 curru

395 939 597 1001 urbem
616 985 636 1015 ,
666 961 729 1001 ac
765 939 966 1001 deinde
999 959 1215 1020 regiam
1237 938 1495 1001 intravit.
1536 941 1764 1000 Postero
1795 937 1887 999 die
1925 939 2236 1018 suppellec-

395 1018 554 1080 tilem
581 1018 735 1081 Dan'i
758 1030 814 1080 et
839 1039 1066 1081 omnem
1089 1018 1390 1099 pecuniam
1410 1016 1786 1098 recognovit⁸.

473 1099 737 1159 Ceterum
759 1097 935 1179 ipsius
964 1098 1121 1158 urbis
1147 1098 1509 1178 pulchritudo
1535 1118 1601 1158 ac
1632 1097 1912 1173 vetustas⁹
1938 1116 2052 1156 non
2083 1114 2234 1174 regls

392 1177 584 1253 modo,
619 1178 715 1239 sed
753 1178 925 1240 etiam
949 1176 1210 1238 omnium
1245 1179 1436 1238 oculos
1467 1177 1525 1236 in
1558 1185 1735 1238 semet
1759 1175 1911 1237 haud
1942 1174 2232 1237 immerito

391 1257 685 1318 convertit.
732 1256 1062 1319 Semiramis
1096 1276 1223 1319 eam
1265 1256 1626 1332 condiderat,
1662 1277 1775 1317 non
1795 1301 1815 1332 ,
1872 1263 1936 1316 ut
1979 1253 2231 1337 plerique

391 1336 920 1413 credidere„BeluS,
954 1337 1117 1417 cujus
1145 1335 1303 1417 regia
1329 1335 1664 1397 ostenditur.
1693 1338 1890 1397 Murus
1922 1334 2232 1396 instructus

394 1415 658 1477 laterculo
693 1415 911 1492 coctili,
950 1415 1232 1477 bitumine
1271 1414 1586 1490 interlitus,
1625 1414 1872 1495 spatium
1915 1412 2148 1495 triginta
2176 1424 2232 1474 et

391 1493 640 1556 duorum
660 1496 872 1576 pedum
891 1495 951 1556 in
972 1495 1330 1557 latitudinem
1350 1494 1712 1576 amplectitur
1738 1512 1754 1555 ε
1778 1493 1974 1574 quadri
2085 1494 2232 1555 inter

392 1593 449 1634 se
480 1583 836 1637 occurrentes
860 1574 980 1636 sine
1010 1574 1259 1657 periculo
1293 1593 1615 1635 commeare
1647 1572 1937 1633 dicuntur.
2029 1573 2233 1637 ltitudo

391 1653 545 1713 muri
578 1653 988 1736 quinquaginta
1018 1653 1340 1716 cubitorum
1376 1654 1589 1714 eminet
1620 1651 1796 1732 spatio
1813 1668 1833 1729 3
1863 1661 2046 1712 turres
2073 1654 2232 1715 denis

392 1730 651 1812 pedibuS,
679 1754 851 1815 quam
878 1754 1102 1811 muruS,
1130 1732 1356 1797 altiores
1373 1741 1528 1794 sunt.
1553 1731 1751 1792 Totius
1776 1730 1961 1811 operis
1984 1733 2234 1796 ambitus

393 1819 637 1875 trecenta
669 1821 724 1874 et
758 1813 1043 1894 sexaginta
1074 1812 1327 1895 quinque
1363 1811 1543 1873 stadia
1577 1810 1992 1892 complectitur.
2027 1811 2234 1894 Singu-

391 1891 576 1953 lorum
598 1892 909 1955 stadiorum
932 1901 1279 1954 structuram
1304 1891 1540 1973 singulis
1561 1890 1760 1952 diebus
1787 1892 2092 1971 perfectam
2114 1913 2233 1954 esse

392 1970 681 2037 memoriae
714 1972 1006 2052 proditum
1039 1980 1142 2033 est.
1173 1971 1437 2033 AEdificia
1461 1991 1576 2032 non
1609 1979 1742 2033 sunt
1765 1970 1995 2031 admota
2023 1973 2231 2049 muris,

390 2048 485 2109 sed
505 2051 620 2112 fere
638 2051 886 2132 spatium
895 2050 1131 2133 jugeri¹⁰
1144 2051 1369 2113 absunt.
1385 2051 1469 2113 Ac
1488 2072 1559 2114 ne
1582 2059 1756 2114 totam
1776 2050 2007 2131 quidem
2027 2051 2232 2115 urbem

393 2128 549 2190 tectis
587 2139 1002 2223 occupaverunt
1017 2147 1037 2208 3
1081 2152 1184 2212 per
1215 2129 1498 2215 octoginta
1532 2132 1712 2193 stadia
1747 2129 2037 2192 habitatur
2074 2150 2091 2195 ε
2127 2153 2233 2194 nec

389 2208 581 2270 omnia
601 2219 870 2272 continua
886 2213 924 2248 ¹¹
955 2219 1087 2272 sunt
1101 2227 1122 2288 3
1146 2211 1337 2288 credo,
1366 2210 1501 2292 quia
1523 2210 1701 2272 tutius
1717 2212 1761 2245 ¹¹
1785 2210 1971 2272 visum
1997 2221 2082 2274 est
2108 2213 2234 2293 plu-

392 2286 546 2377 ribus
573 2289 709 2351 locis
746 2290 955 2374 spargi.
997 2292 1196 2353 Cetera
1234 2299 1431 2352 serunt
1468 2292 1803 2372 coluntque,
1830 2299 1894 2351 ut
1922 2289 1966 2352 si
2004 2301 2234 2354 externa

392 2386 471 2426 vis
497 2366 760 2447 ingruat,
786 2369 1022 2431 obsessis
1060 2369 1332 2431 alimenta
1359 2391 1426 2430 ex
1457 2368 1633 2449 ipsius
1668 2370 1829 2431 urbis
1864 2372 1981 2432 solo
2017 2371 2233 2432 submi-

391 2444 719 2534 nistrentur.
751 2450 1069 2529 Euphrates
1101 2447 1410 2525 interfluit,
1442 2469 1772 2532 magnaeque
1801 2448 1967 2511 molis
1992 2450 2234 2541 crepidi-

391 2524 618 2614 uibus¹3
657 2535 946 2590 coercetur
989 2546 1006 2590 ε
1052 2529 1148 2591 sed
1192 2527 1456 2590 omnium
1496 2549 1735 2609 operum
1775 2529 2228 2610 magnitudinem

386 2607 837 2668 circumveniunt
869 2607 915 2646 ¹⁸
975 2628 1226 2670 cavernae
1280 2607 1535 2690 ingentes
1571 2609 1615 2645 ¹⁸
1644 2651 1666 2683 ,
1743 2607 1805 2669 in
1871 2607 2228 2673 altitudinem

439 2737 461 2770 ⁸
487 2736 675 2782 Fidibus
690 2742 761 2784 sui
810 2739 971 2791 meris,
984 2755 1008 2781 α
1021 2743 1104 2786 des
1117 2743 1284 2786 instru-
1335 2743 1492 2786 tomba
1508 2754 1565 2786 au
1585 2744 1772 2804 pouvoir
1791 2740 2098 2789 d’Alexandre.

387 2797 530 2834 ments
587 2792 717 2837 d'une
791 2805 912 2836 orme
970 2795 1249 2850 particuliere
1266 2825 1280 2849 ,
1392 2795 1437 2831 ¹⁰
1466 2795 1681 2851 Spanum
1692 2793 1968 2852 juqeri,d'un
1980 2804 2229 2852 arpent,ou,

387 2843 514 2887 eti-an
546 2857 587 2887 e.
607 2859 630 2884 ›
1335 2861 1447 2902 pour
1457 2850 1604 2902 parler
1620 2850 1718 2903 plus
1733 2853 2024 2902 exactement,
2040 2853 2096 2894 de
2114 2853 2229 2895 deux

440 2896 461 2930 '¹
538 2897 567 2939 d
587 2896 817 2941 luxuriam
836 2898 996 2954 magis,
1015 2905 1101 2943 etc.
1127 2914 1150 2938 ι
1169 2902 1282 2962 dans
1334 2901 1531 2957 plethres
1564 2900 1630 2956 (61
1649 2901 1809 2945 metres
1825 2904 1906 2946 728
1918 2903 2225 2958 millimetres).

388 2961 449 2991 un
467 2951 665 3002 appas-eil
685 2949 829 3004 plutdt
843 2951 1044 2996 fasmeux
1091 2966 1148 2995 ue
1166 2956 1282 2997 reel-
1390 2953 1432 2987 11
1461 2953 1562 2997 Nec
1577 2955 1746 3003 omnia,
1761 2959 2082 3000 sous-entendu
2097 2961 2224 3000 tecta.

387 3002 557 3044 lement
591 3004 875 3072 magumque.
905 3018 929 3044 ›
967 3004 1034 3048 Le
1084 3009 1179 3048 aste
1220 3018 1280 3050 ne
1389 3006 1434 3040 ¹²
1467 3007 1645 3056 Tutius,
1669 3022 1692 3046 ι
1711 3008 1811 3062 plus
1834 3006 1926 3063 sur,
1950 3023 1973 3048 ι
2001 3023 2057 3054 en
2079 3012 2226 3054 raison

387 3065 578 3108 suppose
601 3066 682 3107 pas
698 3056 959 3112 leleganee;
982 3070 1039 3101 au
1059 3061 1280 3103 contraire
1333 3061 1415 3103 des
1432 3061 1678 3104 incenffies.

386 3118 491 3150 sans
507 3104 718 3171 elegance
741 3109 775 3152 il
794 3110 836 3152 n’
852 3118 873 3159 y
893 3123 921 3153 a
949 3112 1077 3166 point
1103 3111 1161 3155 de
1186 3125 1281 3155 ma-
1379 3111 1432 3178 ‘1³
1463 3113 1525 3178 Csr
1577 3113 1787 3180 idinibus,
1811 3116 1925 3179 «fles
1946 3117 2085 3171 quais.
2100 3130 2122 3155 ν»
2147 3115 2225 3160 Se-

387 3160 804 3267 gngflffixgggffipte:
859 3228 970 3269 pour
1030 3219 1272 3262 recensuit.
1330 3231 1392 3262 un
1420 3170 1867 3274 devgloetipgzvnaeliitfglg
1888 3174 2228 3266 pggsstfflggrsur

390 3263 519 3329 Donff
534 3268 807 3322 recoqnoscit
857 3268 1105 3323 opulorum.
1123 3268 1277 3323 (Vino.
1386 3270 1431 3304 ²¹·
1468 3270 1854 3322 Circumveniant,
1891 3273 2050 3317 cea-tl.
2093 3285 2225 3330 quast

388 3316 571 3368 Enctde,
592 3331 695 3374 vm,
714 3281 852 3375 wlf
1014 3376 1025 3386 ·
1332 3323 1506 3368 occulta
1535 3324 1834 3381 proevalentia
1858 3329 2087 3390 superant.
2111 3326 2228 3371 G'est

418 3369 461 3433 ,θ
491 3371 713 3436 Vetusta&
733 3373 802 3417 La
818 3375 1089 3429 description
1109 3388 1170 3418 un
1188 3389 1277 3431 peu
1328 3389 1418 3422 une
1458 3380 1715 3433 expression
1752 3381 1956 3433 enjouee,
1994 3391 2100 3422 avec
2137 3392 2225 3421 une

386 3428 697 3479 retrospeenve
741 3440 826 3482 que
865 3428 947 3471 fait
983 3429 1043 3472 ici
1088 3428 1274 3480 Quinte·
1329 3443 1504 3476 nuance
1528 3429 1783 3483 d’affe'terie,
1807 3433 1883 3486 qui
1898 3430 2072 3485 repond
2093 3431 2121 3474 a
2147 3445 2224 3474 no-

384 3473 524 3520 eume
550 3489 599 3522 se
625 3491 674 3522 ra
705 3485 831 3540 porte
869 3479 1016 3535 plutdt
1046 3479 1075 3525 ὸ,
1106 3482 1151 3524 la
1188 3482 1277 3526 Ba-
1326 3488 1395 3530 tre
1415 3482 1769 3540 damerlepion.

386 3528 550 3581 bylone
581 3532 639 3574 de
674 3492 928 3596 gerniramis
959 3540 1006 3578 et
1047 3535 1103 3579 de
1138 3534 1274 3580 Belus
1382 3537 1426 3570 1⁵
1457 3537 1667 3581 cavernae
1693 3537 1905 3593 ingentes,
1942 3550 1965 3574 ι
1981 3537 2051 3577 {de
2083 3543 2226 3577 vastes

382 3582 487 3632 qu'a
510 3584 557 3627 la
577 3585 679 3629 ville
699 3587 803 3639 <teja
825 3587 931 3631 bten
953 3586 1172 3643 degradee
1195 3591 1271 3642 qui
1326 3588 1579 3636 ”eset-voirs.
1597 3604 1619 3630 ι
1636 3587 1723 3633 Ges
1736 3587 1987 3632 reservotrs.
2009 3599 2065 3628 ou
2083 3589 2226 3640 priseo
