2525 3984
25 3060 32 3205 ὴήᾏὴ
23 3006 50 3051 v
23 2970 26 2997 m„
21 2874 26 2959 *rm*

57 3296 76 3313 λ

1053 211 1605 274 NARRATIONES.
2132 218 2249 276 219

423 342 967 457 vesti·i²sante1stis²¹,
987 362 1089 425 ego
1112 350 1325 405 vestros
1359 343 1600 406 honores
1620 342 1788 404 rebus
1819 343 2075 423 gerendis
2098 366 2252 424 prae-

422 443 561 485 cess1
626 463 643 481 .
687 444 718 480 »

499 501 586 561 Ab
612 499 806 561 rostris
831 501 892 561 in
931 500 1276 582 Capitolium
1312 499 1598 561 adscendit
1641 519 1657 563 ε
1697 500 1867 561 simul
1905 521 1962 561 se
1991 500 2252 561 universa

424 579 615 641 concio
636 580 876 656 avertit,
894 589 949 641 et
969 588 1160 641 secuta
1189 579 1513 660 Scipionem
1537 588 1621 641 est
1656 598 1671 640 ε
1703 580 1840 640 adeo
1866 588 1931 640 ut
1968 588 2252 661 postremo

423 657 620 720 scribae
632 660 680 695 ¹³
699 657 1047 741 viatoresque
1063 659 1110 696 ’¹0
1143 659 1398 720 tribunos
1420 658 1834 740 relinquerent,
1860 679 1964 720 nec
1996 679 2129 719 cum
2156 658 2252 733 iis,

424 745 624 819 praeter
640 737 899 802 servilem
912 738 1272 814 comitatum,
1295 747 1352 800 et
1372 758 1712 819 praeconem,
1734 737 1833 819 qui
1860 758 2023 799 reum
2045 759 2112 798 ex
2138 758 2250 797 ros-

423 817 526 878 tris
545 817 775 892 citaoat,
803 817 1103 899 quisquam
1130 825 1294 880 esset.
1319 817 1507 899 Scipio
1527 838 1642 879 non
1672 817 1732 876 in
1762 817 2036 897 Capltolio
2060 815 2259 883 modo,

424 894 521 956 sed
564 917 666 976 per
711 904 886 957 totam
922 897 1125 957 urbem
1170 896 1364 958 omnia
1413 899 1621 978 templa
1657 895 1827 958 deum
1869 916 2003 957 cum
2089 897 2256 976 opulo

426 994 662 1037 romano
688 974 992 1036 circumiit.
1031 975 1374 1037 Celebratior
1399 975 1448 1037 is
1477 995 1650 1057 prope
1683 974 1800 1036 dies
1836 975 2025 1037 favore
2080 974 2254 1034 iomi-

426 1073 569 1114 num
600 1061 656 1116 et
680 1053 1047 1116 aestimatione
1074 1075 1218 1117 veroe
1246 1054 1654 1137 magnitudinis
1667 1056 1713 1092 ²⁸
1748 1055 1870 1136 ejus
1904 1053 2012 1115 fuit
2029 1098 2049 1129 ,
2081 1074 2256 1135 quam

423 1153 537 1213 quo
550 1131 909 1214 triumphans
923 1133 993 1195 de
1007 1134 1260 1216 Syphace
1273 1155 1402 1216 rege
1415 1143 1470 1196 et
1484 1133 2040 1216 Carthaginiensibus
2053 1132 2257 1193 urbem

401 1216 406 1220 ’
425 1220 509 1272 est
531 1211 804 1274 invectus.

505 1291 611 1352 Hic
650 1292 928 1373 speciosus
942 1294 988 1331 ’θ
1024 1293 1264 1355 ultimus
1305 1292 1425 1355 dies
1460 1295 1528 1354 P.
1569 1292 1819 1374 Scipioni
1855 1290 2041 1354 illuxit
2077 1309 2092 1352 ι
2134 1298 2258 1372 post

426 1391 620 1451 quem,
681 1393 824 1433 uum
858 1372 1128 1434 invidiam
1161 1381 1217 1435 et
1256 1373 1565 1434 certamina
1591 1393 1725 1433 cum
1754 1371 1996 1433 tribunis
2030 1369 2261 1452 prospi-

426 1457 597 1525 ceret,
667 1472 720 1512 ie
751 1450 1003 1532 longiore
1034 1450 1374 1531 prodicta¹⁷,
1408 1451 1469 1511 in
1505 1450 1861 1511 Literninum
1878 1452 1924 1488 ’⁸
1947 1449 2257 1526 concessit,

426 1538 577 1590 certo
612 1529 842 1590 consilio
869 1550 941 1590 ne
961 1530 1032 1591 ad
1062 1550 1291 1591 causam
1319 1529 1614 1589 dicendam
1643 1528 1880 1590 adesset.
1920 1530 2098 1609 Major
2130 1528 2261 1588 ani—

427 1627 557 1668 mus
586 1616 643 1669 et
676 1616 881 1668 natura
915 1615 1035 1669 erat
1050 1651 1071 1683 ,
1096 1627 1161 1668 ac
1188 1606 1389 1687 majori
1418 1609 1656 1668 fortunae
1696 1615 1973 1682 assuetus„
1997 1626 2170 1687 quam
2199 1617 2263 1665 ut

428 1706 556 1747 reus
585 1705 706 1747 esse
738 1685 939 1763 sciret,
967 1694 1023 1747 et
1054 1686 1409 1747 summittere
1433 1705 1490 1746 se
1523 1685 1583 1746 in
1609 1684 1995 1746 humilitatem
2033 1704 2262 1746 causam

429 1763 762 1826 dicentium.
809 1762 916 1825 Ubi
955 1764 1074 1827 dies
1106 1764 1294 1842 venit,
1339 1763 1612 1846 citarique
1650 1765 1850 1825 absens
1892 1773 1974 1825 est
2021 1771 2287 1844 cceptuS,v

431 1846 495 1903 L.
546 1843 735 1925 Scipio
774 1844 1042 1907 morbum
1085 1865 1313 1907 causam
1354 1865 1471 1906 esse
1510 1864 1614 1906 cur
1651 1843 1902 1919 abesset,
1942 1844 2260 1905 excusabat.

430 1924 616 1996 Quam
647 1923 1065 1986 excusationem
1091 1945 1273 2006 quum
1294 1923 1534 1998 tribuni,
1557 1921 1653 2005 qui
1676 1922 1829 1983 diem
1852 1923 2130 1997 dixerant,
2152 1942 2263 1981 non

430 2002 782 2083 acciperent,
809 2011 865 2065 et
891 2003 963 2064 ab
988 2002 1200 2082 eadem
1226 2002 1490 2084 superbia
1508 2004 1555 2040 ¹⁹
1582 2024 1695 2064 non
1721 2002 1912 2064 venire
1939 2001 2010 2064 ad
2038 2022 2264 2063 causam

430 2080 727 2143 dicendam
759 2090 1093 2162 arguerent,
1135 2103 1247 2165 qua
1277 2082 1558 2162 judicium
1594 2091 1649 2144 et
1689 2082 1948 2143 tribunos
1996 2080 2173 2162 plebis
2211 2089 2267 2140 et

431 2159 762 2222 concionem
783 2161 1131 2242 reliquisset,
1154 2170 1209 2222 et
1221 2163 1295 2238 ⁸⁰,
1326 2161 1531 2243 quibus
1551 2161 1646 2243 jus
1676 2161 1745 2221 de
1775 2183 1831 2222 se
1857 2160 2105 2221 dicendae
2130 2180 2268 2220 sen-

434 2238 646 2317 tentIae,
668 2248 723 2302 et
754 2240 1069 2302 libertatem
1095 2240 1417 2317 ademisset,
1437 2241 1527 2301 his
1553 2240 1877 2317 comitatus„
1899 2242 2050 2301 velut
2077 2246 2266 2320 captos

433 2319 683 2396 trahens,
713 2319 1073 2401 triumphum
1106 2320 1175 2381 de
1254 2323 1423 2402 opulo
1458 2340 1694 2382 romano
1729 2319 1961 2399 egisset,
1998 2317 2268 2380 secessio-

432 2417 676 2478 nemque
705 2419 769 2460 eo
802 2399 893 2459 die
920 2399 981 2458 in
1019 2398 1216 2478 Capito
1240 2420 1362 2460 ium
1377 2403 1420 2437 ⁸¹
1450 2419 1484 2461 a
1510 2398 1753 2460 tribunis
1784 2398 1962 2479 plebis
1994 2397 2212 2458 fecisset
2247 2413 2263 2457 t

490 2543 535 2577 ²1
564 2542 778 2587 Anteistis
795 2547 958 2588 &tatem
978 2556 1116 2589 meam
1135 2544 1316 2591 honori-
1423 2547 1469 2581 ¹⁶
1500 2547 1743 2604 speciosus,
1778 2546 1937 2590 cea-d.
1971 2556 2057 2600 quo
2078 2542 2267 2600 publice

439 2595 534 2645 bus,
555 2611 578 2635 ‹
592 2606 699 2640 vous
718 2597 877 2640 m'avez
904 2597 1084 2643 accord&
1112 2600 1191 2643 des
1207 2601 1320 2644 hon·
1370 2613 1444 2643 ma
1478 2602 1526 2644 m·
1541 2600 1628 2645 viri
1648 2598 1908 2653 ostenderet
1926 2611 1948 2639 s
1982 2598 2126 2639 eciem.

435 2662 568 2694 neura
585 2654 718 2693 avant
744 2651 855 2704 l'age
882 2651 1018 2705 legun
1040 2668 1062 2692 »
1089 2664 1197 2696 vous
1215 2665 1320 2696 avez
1424 2653 1445 2684 2
1498 2652 1582 2695 Die
1615 2651 1814 2713 lonqiore
1844 2662 1935 2705 pro
1966 2652 2071 2702 icta,
2117 2663 2140 2689 ‹
2174 2652 2268 2694 Γαΐ-

435 2700 597 2748 avano&
610 2714 722 2756 pour
741 2705 830 2745 moi
852 2704 963 2757 l'uge
983 2706 1062 2747 des
1078 2705 1317 2748 honneurs.
1372 2706 1481 2748 faire
1508 2706 1624 2747 avait
1641 2703 1712 2746 ete
1745 2705 1801 2746 de
1829 2715 2030 2747 nouveau
2057 2704 2267 2758 ajout-nee

488 2755 534 2788 ²²
561 2755 606 2799 Ε
635 2768 659 2798 o
675 2759 840 2799 vestros
866 2754 1064 2819 honores,
1095 2762 1198 2810 etc„
1221 2769 1243 2794 ε
1264 2759 1322 2799 de
1374 2756 1403 2800 ὲ,
1424 2759 1521 2840 plus
1538 2757 1645 2810 long
1663 2760 1817 2798 terme.
1839 2771 1862 2796 ›

436 2820 539 2852 mon
621 2806 666 2851 te
690 2809 844 2862 J'avais
875 2810 1068 2852 devance
1101 2822 1179 2852 vos
1209 2809 1323 2851 hon·
1451 2808 1472 2841 8
1500 2808 1810 2861 Literninum,
1849 2809 2095 2863 ‹Livet-ne,
2117 2824 2142 2847 ι
2173 2811 2268 2866 auj,

436 2871 567 2905 neum
587 2873 667 2914 par
690 2863 757 2904 les
780 2861 937 2904 choses
995 2872 1051 2904 ue
1068 2861 1213 2916 J'etais
1244 2873 1325 2904 ca-
1379 2860 1518 2904 Torre
1547 2860 1592 2903 di
1623 2860 1801 2908 Patria,
1834 2873 1891 2905 en
1923 2860 2179 2917 Campanie,
2225 2879 2281 2909 au

438 2915 567 2978 paple
603 2915 659 2957 de
689 2916 814 2967 faire,
848 2927 870 2952 ›
907 2928 970 2958 c.·
1051 2944 1062 2956 .
1103 2925 1185 2967 par
1218 2926 1324 2957 mon
1374 2912 1510 2958 N.-O.
1532 2915 1589 2957 de
1604 2913 1785 3009 Nesla,
1937 2968 1947 2978 ·

437 2972 606 3010 mente.
1428 2966 1474 3001 ¹⁹
1500 2964 1574 3009 Ab
1601 2979 1653 3009 ea
1685 2979 1751 3009 em
1767 2966 1990 3024 superba,
2011 2983 2034 3009 c
2053 2971 2112 3012 du
2136 2970 2273 3015 meme

488 3017 535 3051 ¹³
562 3017 741 3066 Scriba,
773 3031 796 3056 ‹
824 3019 991 3062 scribes
1013 3035 1037 3060 ι
1072 3031 1131 3062 on
1165 3019 1320 3071 clercS,
1374 3020 1484 3063 fond
1501 3019 1724 3074 d’orgueil.
1742 3036 1766 3061 ι

437 3071 617 3125 charges
647 3072 704 3114 de
739 3073 972 3114 transm-ire
1000 3072 1069 3115 les
1095 3077 1214 3115 actes
1244 3083 1326 3125 pu·
1430 3071 1476 3106 ³⁰
1503 3072 1580 3122 Et,
1596 3086 1707 3128 pour
1722 3075 1768 3116 et
1785 3086 1889 3130 qua.

438 3123 562 3172 hstes,
581 3126 649 3169 les
674 3125 758 3167 lois
779 3132 826 3168 et
851 3131 998 3168 tontes
1021 3126 1089 3169 les
1117 3126 1326 3169 determi-
1430 3124 1474 3158 ³1
1502 3124 1799 3170 Secessionem
1818 3128 1869 3169 in
1889 3126 2168 3183 Capitolium.
2187 3125 2269 3170 Al-

438 3177 616 3220 nations
632 3178 712 3220 des
728 3180 990 3232 magistrats.
1376 3177 1521 3221 lusion
1558 3181 1802 3233 spirituelle
1842 3179 1869 3223 ὁ,
1905 3181 1952 3222 la
1986 3182 2167 3223 renuite
2209 3180 2269 3221 du

491 3227 537 3261 ²⁴
572 3228 788 3277 Viatores,
804 3232 902 3273 «les
913 3228 1328 3275 viateurnetaienz
1376 3232 1536 3286 peuple
1561 3244 1637 3275 sur
1666 3234 1710 3276 le
1739 3232 1869 3275 Mont
1899 3231 2044 3276 Sacre.
2076 3232 2199 3274 Dans
2224 3231 2270 3273 la

359 3345 373 3357 ⁴
440 3280 520 3324 dos
552 3284 741 3327 officiet-s
772 3285 950 3337 public}
975 3285 1092 3327 ainsi
1124 3283 1326 3327 nomines
1378 3286 1681 3328 cir-constance
1733 3285 1941 3338 presente
1957 3316 1970 3337 ,
2024 3286 2094 3328 les
2151 3283 2269 3326 roles

468 3346 566 3378 aree
599 3336 726 3391 qu'ils
769 3339 946 3379 avaient
982 3349 1094 3390 pour
1127 3338 1326 3379 fonction
1379 3334 1549 3380 etaient
1581 3337 1845 3384 reniret-sest>
1871 3338 2027 3380 c'etait·
2050 3336 2094 3377 le
2129 3335 2267 3386 patri-

467 3385 590 3431 ’aller
604 3389 814 3432 chercher
831 3392 894 3432 les
915 3388 1141 3433 senateurs
1158 3390 1233 3444 qui
1248 3389 1330 3432 ha·
1379 3390 1469 3433 ciat
1496 3391 1793 3444 triomphant,
1824 3390 1936 3432 dans
1965 3390 2010 3429 la.
2045 3398 2268 3439 personne

441 3438 632 3484 bitaient
651 3442 698 3485 la
715 3454 971 3496 campagne.
1380 3442 1436 3484 de
1473 3441 1545 3485 Sci
1576 3444 1677 3494 ion,
1713 3444 1804 3496 qui,
1840 3454 1950 3494 pour
1999 3438 2158 3481 rendre
2180 3449 2270 3480 une

491 3490 536 3526 ’ὅ
567 3491 870 3539 Destinatione
907 3506 1022 3537 verae
1047 3492 1331 3548 maymtudi-
1379 3507 1513 3537 revan
1571 3507 1613 3548 e,
1655 3506 1704 3537 se
1738 3493 1929 3546 separait
1994 3503 2020 3532 e
2056 3492 2100 3531 la
2138 3487 2267 3547 Plebs¹

438 3543 523 3596 nit,
546 3559 568 3585 ι
585 3559 666 3600 par
677 3548 937 3601 l’hommage
951 3548 1091 3590 rendu
1110 3546 1138 3591 ὲ
1159 3549 1203 3590 la
1216 3546 1329 3593 ve'ri-
1381 3546 1664 3600 representee
1681 3559 1760 3598 par
1780 3557 1852 3586 ses
1868 3544 2041 3584 tribuns
2114 3545 2161 3580 et
2194 3550 2267 3589 qm

439 3596 560 3641 table
581 3601 814 3653 grandem.
838 3614 860 3639 ι
1385 3612 1433 3643 se
1450 3601 1622 3642 retirait
1638 3612 1694 3641 au
1713 3597 1912 3645 Capitole
