<?xml version="1.0" encoding="UTF-8"?>
<!DOCTYPE html PUBLIC "-//W3C//DTD XHTML 1.0 Transitional//EN"
    "http://www.w3.org/TR/xhtml1/DTD/xhtml1-transitional.dtd">
<html xmlns="http://www.w3.org/1999/xhtml" xml:lang="en" lang="en">
 <head>
  <title>
</title>
<meta http-equiv="Content-Type" content="text/html;charset=utf-8" />
  <meta name='ocr-system' content='tesseract 3.04.00' />
  <meta name='ocr-capabilities' content='ocr_page ocr_carea ocr_par ocr_line ocrx_word'/>
</head>
<body>
  <div class='ocr_page' id='page_1' title='image "./narrationeslati00guiagoog/narrationeslati00guiagoog_0074.png"; bbox 0 0 2525 3984; ppageno 0'>
   <div class='ocr_carea' id='block_1_1' title="bbox 303 106 1501 176">
    <p class='ocr_par' dir='ltr' id='par_1_1' title="bbox 303 106 1501 176">
     <span class='ocr_line' id='line_1_1' title="bbox 303 106 1501 176; baseline 0.003 -11"><span class='ocrx_word' id='word_1_1' title='bbox 303 115 382 176; x_wconf 70' lang='lat'><strong>36</strong></span> <span class='ocrx_word' id='word_1_2' title='bbox 947 106 994 167; x_wconf 91' lang='lat' dir='ltr'>N</span> <span class='ocrx_word' id='word_1_3' title='bbox 999 108 1248 168; x_wconf 75' lang='lat' dir='ltr'><strong>ARRAT</strong></span> <span class='ocrx_word' id='word_1_4' title='bbox 1255 108 1380 169; x_wconf 85' lang='lat' dir='ltr'><strong>ION</strong></span> <span class='ocrx_word' id='word_1_5' title='bbox 1388 108 1501 169; x_wconf 82' lang='lat' dir='ltr'><strong>Es.</strong></span> 
     </span>
    </p>
   </div>
   <div class='ocr_carea' id='block_1_2' title="bbox 305 235 2168 2460">
    <p class='ocr_par' dir='ltr' id='par_1_2' title="bbox 305 235 2168 2460">
     <span class='ocr_line' id='line_1_2' title="bbox 314 235 2156 325; baseline -0.001 -23"><span class='ocrx_word' id='word_1_6' title='bbox 314 264 344 302; x_wconf 76' lang='grc' dir='ltr'><strong>α</strong></span> <span class='ocrx_word' id='word_1_7' title='bbox 384 235 729 325; x_wconf 75' lang='lat' dir='ltr'><strong>provocarit,</strong></span> <span class='ocrx_word' id='word_1_8' title='bbox 758 238 1149 319; x_wconf 82' lang='lat' dir='ltr'><strong>provocatione</strong></span> <span class='ocrx_word' id='word_1_9' title='bbox 1183 245 1393 299; x_wconf 84' lang='lat' dir='ltr'><strong>certato</strong></span> <span class='ocrx_word' id='word_1_10' title='bbox 1408 240 1454 275; x_wconf 81' lang='lat'><strong>¹²</strong></span> <span class='ocrx_word' id='word_1_11' title='bbox 1498 255 1514 298; x_wconf 72' lang='grc' dir='ltr'><strong><em>ε</em></strong></span> <span class='ocrx_word' id='word_1_12' title='bbox 1553 243 1599 298; x_wconf 84' lang='lat' dir='ltr'><strong>si</strong></span> <span class='ocrx_word' id='word_1_13' title='bbox 1628 239 1862 298; x_wconf 86' lang='lat' dir='ltr'><strong>vincent</strong></span> <span class='ocrx_word' id='word_1_14' title='bbox 1880 238 1950 314; x_wconf 83' lang='lat'><strong>¹⁸,</strong></span> <span class='ocrx_word' id='word_1_15' title='bbox 1984 250 2156 320; x_wconf 82' lang='lat' dir='ltr'><strong>caput</strong></span> 
     </span>
     <span class='ocr_line' id='line_1_3' title="bbox 315 315 2154 398; baseline -0.001 -16"><span class='ocrx_word' id='word_1_16' title='bbox 315 343 345 381; x_wconf 75' lang='lat' dir='ltr'><strong>nt</strong></span> <span class='ocrx_word' id='word_1_17' title='bbox 386 319 660 382; x_wconf 87' lang='lat' dir='ltr'><strong>obnubito</strong></span> <span class='ocrx_word' id='word_1_18' title='bbox 674 319 759 395; x_wconf 72' lang='lat'><strong>¹⁴3</strong></span> <span class='ocrx_word' id='word_1_19' title='bbox 794 315 1004 378; x_wconf 84' lang='lat' dir='ltr'>infelici</span> <span class='ocrx_word' id='word_1_20' title='bbox 1046 315 1235 379; x_wconf 90' lang='lat' dir='ltr'><strong>arbori</strong></span> <span class='ocrx_word' id='word_1_21' title='bbox 1252 318 1298 354; x_wconf 79' lang='lat'><strong>¹⁸</strong></span> <span class='ocrx_word' id='word_1_22' title='bbox 1332 316 1681 398; x_wconf 82' lang='lat' dir='ltr'><strong>suspendite.</strong></span> <span class='ocrx_word' id='word_1_23' title='bbox 1725 317 2033 378; x_wconf 87' lang='lat' dir='ltr'><strong>Verberato</strong></span> <span class='ocrx_word' id='word_1_24' title='bbox 2070 321 2154 381; x_wconf 83' lang='lat' dir='ltr'><strong>vel</strong></span> 
     </span>
     <span class='ocr_line' id='line_1_4' title="bbox 314 394 2154 488; baseline -0.002 -27"><span class='ocrx_word' id='word_1_25' title='bbox 314 420 347 460; x_wconf 77' lang='grc' dir='ltr'><strong>α</strong></span> <span class='ocrx_word' id='word_1_26' title='bbox 388 400 539 461; x_wconf 90' lang='lat' dir='ltr'><strong>intra</strong></span> <span class='ocrx_word' id='word_1_27' title='bbox 578 394 923 488; x_wconf 77' lang='lat' dir='ltr'><strong>pomoerium</strong></span> <span class='ocrx_word' id='word_1_28' title='bbox 941 440 961 472; x_wconf 90' lang='lat'><strong>,</strong></span> <span class='ocrx_word' id='word_1_29' title='bbox 1005 397 1089 457; x_wconf 80' lang='lat' dir='ltr'><strong>vel</strong></span> <span class='ocrx_word' id='word_1_30' title='bbox 1123 404 1280 458; x_wconf 82' lang='lat' dir='ltr'><strong>extra</strong></span> <span class='ocrx_word' id='word_1_31' title='bbox 1319 395 1728 477; x_wconf 62' lang='lat' dir='ltr'><strong>pomoeriumffi.</strong></span> <span class='ocrx_word' id='word_1_32' title='bbox 1779 420 1810 450; x_wconf 87' lang='lat'><strong>&gt;›</strong></span> <span class='ocrx_word' id='word_1_33' title='bbox 1876 399 1996 458; x_wconf 88' lang='lat' dir='ltr'><strong>Hac</strong></span> <span class='ocrx_word' id='word_1_34' title='bbox 2036 398 2154 479; x_wconf 88' lang='lat' dir='ltr'><strong>lege</strong></span> 
     </span>
     <span class='ocr_line' id='line_1_5' title="bbox 309 474 2157 594; baseline -0.001 -54"><span class='ocrx_word' id='word_1_35' title='bbox 309 477 610 540; x_wconf 81' lang='lat' dir='ltr'><strong>Duumvin</strong></span> <span class='ocrx_word' id='word_1_36' title='bbox 629 475 828 552; x_wconf 89' lang='lat' dir='ltr'><strong>creati,</strong></span> <span class='ocrx_word' id='word_1_37' title='bbox 850 474 948 594; x_wconf 60' lang='lat' dir='ltr'><strong>qui</strong></span> <span class='ocrx_word' id='word_1_38' title='bbox 970 495 1028 537; x_wconf 92' lang='lat' dir='ltr'><strong>se</strong></span> <span class='ocrx_word' id='word_1_39' title='bbox 1048 474 1334 537; x_wconf 82' lang='lat' dir='ltr'><strong>absolvere</strong></span> <span class='ocrx_word' id='word_1_40' title='bbox 1351 496 1469 538; x_wconf 85' lang='lat' dir='ltr'><strong>non</strong></span> <span class='ocrx_word' id='word_1_41' title='bbox 1489 474 1760 538; x_wconf 80' lang='lat' dir='ltr'><strong>rebantur</strong></span> <span class='ocrx_word' id='word_1_42' title='bbox 1784 495 1852 537; x_wconf 86' lang='lat' dir='ltr'><strong>ea</strong></span> <span class='ocrx_word' id='word_1_43' title='bbox 1879 477 2000 558; x_wconf 87' lang='lat' dir='ltr'><strong>lege</strong></span> <span class='ocrx_word' id='word_1_44' title='bbox 2015 478 2059 514; x_wconf 79' lang='lat'><strong>¹⁷</strong></span> <span class='ocrx_word' id='word_1_45' title='bbox 2084 497 2157 538; x_wconf 86' lang='lat' dir='ltr'><strong>ne</strong></span> 
     </span>
     <span class='ocr_line' id='line_1_6' title="bbox 307 554 2157 637; baseline -0.001 -19"><span class='ocrx_word' id='word_1_46' title='bbox 307 557 605 619; x_wconf 85' lang='lat' dir='ltr'><strong>innoxium</strong></span> <span class='ocrx_word' id='word_1_47' title='bbox 703 555 857 617; x_wconf 90' lang='lat' dir='ltr'><strong>idem</strong></span> <span class='ocrx_word' id='word_1_48' title='bbox 893 556 916 591; x_wconf 80' lang='lat'>⁸</span> <span class='ocrx_word' id='word_1_49' title='bbox 936 575 1120 635; x_wconf 88' lang='lat' dir='ltr'><strong>posse,</strong></span> <span class='ocrx_word' id='word_1_50' title='bbox 1142 574 1325 637; x_wconf 89' lang='lat' dir='ltr'><strong>quum</strong></span> <span class='ocrx_word' id='word_1_51' title='bbox 1345 554 1812 616; x_wconf 80' lang='lat' dir='ltr'><strong>condemnassent</strong></span> <span class='ocrx_word' id='word_1_52' title='bbox 1823 570 1845 631; x_wconf 87' lang='lat'>3</span> <span class='ocrx_word' id='word_1_53' title='bbox 1868 561 1997 615; x_wconf 88' lang='lat' dir='ltr'><strong>tum</strong></span> <span class='ocrx_word' id='word_1_54' title='bbox 2018 557 2157 617; x_wconf 89' lang='lat' dir='ltr'><strong>alter</strong></span> 
     </span>
     <span class='ocr_line' id='line_1_7' title="bbox 305 577 2156 719; baseline -0.001 -21"><span class='ocrx_word' id='word_1_55' title='bbox 305 657 377 698; x_wconf 86' lang='lat' dir='ltr'><strong>ex</strong></span> <span class='ocrx_word' id='word_1_56' title='bbox 402 635 493 697; x_wconf 87' lang='lat' dir='ltr'><strong>his</strong></span> <span class='ocrx_word' id='word_1_57' title='bbox 522 653 540 698; x_wconf 73' lang='grc' dir='ltr'><strong><em>ε</em></strong></span> <span class='ocrx_word' id='word_1_58' title='bbox 579 577 706 696; x_wconf 42' lang='lat' dir='ltr'><strong>«ff</strong></span> <span class='ocrx_word' id='word_1_59' title='bbox 732 633 955 710; x_wconf 84' lang='lat' dir='ltr'><strong>Horati,</strong></span> <span class='ocrx_word' id='word_1_60' title='bbox 986 633 1090 695; x_wconf 87' lang='lat' dir='ltr'><strong>tibi</strong></span> <span class='ocrx_word' id='word_1_61' title='bbox 1117 633 1563 719; x_wconf 83' lang='lat' dir='ltr'><strong>perduellionem</strong></span> <span class='ocrx_word' id='word_1_62' title='bbox 1586 633 1804 715; x_wconf 83' lang='lat' dir='ltr'><strong>judice,</strong></span> <span class='ocrx_word' id='word_1_63' title='bbox 1836 632 2024 716; x_wconf 82' lang='lat' dir='ltr'><strong>inquit</strong></span> <span class='ocrx_word' id='word_1_64' title='bbox 2051 653 2067 696; x_wconf 75' lang='lat' dir='ltr'>x</span> <span class='ocrx_word' id='word_1_65' title='bbox 2106 637 2156 710; x_wconf 86' lang='lat' dir='ltr'><strong>I,</strong></span> 
     </span>
     <span class='ocr_line' id='line_1_8' title="bbox 318 712 2158 796; baseline 0 -21"><span class='ocrx_word' id='word_1_66' title='bbox 318 738 349 775; x_wconf 74' lang='grc' dir='ltr'>α</span> <span class='ocrx_word' id='word_1_67' title='bbox 389 716 575 791; x_wconf 85' lang='lat' dir='ltr'><strong>lictor,</strong></span> <span class='ocrx_word' id='word_1_68' title='bbox 611 715 812 796; x_wconf 83' lang='lat' dir='ltr'><strong>colliga</strong></span> <span class='ocrx_word' id='word_1_69' title='bbox 844 733 1071 775; x_wconf 79' lang='lat' dir='ltr'><strong>manus,</strong></span> <span class='ocrx_word' id='word_1_70' title='bbox 1101 736 1132 773; x_wconf 72' lang='lat'><strong>&gt;³</strong></span> <span class='ocrx_word' id='word_1_71' title='bbox 1175 715 1499 775; x_wconf 80' lang='lat' dir='ltr'><strong>Accesserat</strong></span> <span class='ocrx_word' id='word_1_72' title='bbox 1531 712 1720 790; x_wconf 84' lang='lat' dir='ltr'><strong>lictor,</strong></span> <span class='ocrx_word' id='word_1_73' title='bbox 1761 712 2158 796; x_wconf 86' lang='lat' dir='ltr'><strong>injiciebatque</strong></span> 
     </span>
     <span class='ocr_line' id='line_1_9' title="bbox 314 792 2158 876; baseline -0.001 -21"><span class='ocrx_word' id='word_1_74' title='bbox 314 795 604 876; x_wconf 86' lang='lat' dir='ltr'><strong>laqueum.</strong></span> <span class='ocrx_word' id='word_1_75' title='bbox 657 796 812 855; x_wconf 85' lang='lat' dir='ltr'><strong>Tum-</strong></span> <span class='ocrx_word' id='word_1_76' title='bbox 844 792 1112 855; x_wconf 83' lang='lat' dir='ltr'><strong>Horatius</strong></span> <span class='ocrx_word' id='word_1_77' title='bbox 1131 838 1153 870; x_wconf 88' lang='lat'><strong>,</strong></span> <span class='ocrx_word' id='word_1_78' title='bbox 1189 800 1418 854; x_wconf 88' lang='lat' dir='ltr'><strong>auctore</strong></span> <span class='ocrx_word' id='word_1_79' title='bbox 1458 793 1624 854; x_wconf 88' lang='lat' dir='ltr'><strong>Tullo</strong></span> <span class='ocrx_word' id='word_1_80' title='bbox 1649 837 1670 868; x_wconf 94' lang='lat'><strong>,</strong></span> <span class='ocrx_word' id='word_1_81' title='bbox 1704 793 1982 854; x_wconf 90' lang='lat' dir='ltr'><strong>clemente</strong></span> <span class='ocrx_word' id='word_1_82' title='bbox 2022 792 2158 873; x_wconf 87' lang='lat' dir='ltr'><strong>legis</strong></span> 
     </span>
     <span class='ocr_line' id='line_1_10' title="bbox 310 871 2160 963; baseline -0.001 -30"><span class='ocrx_word' id='word_1_83' title='bbox 310 872 618 953; x_wconf 75' lang='lat' dir='ltr'><strong>interprete</strong></span> <span class='ocrx_word' id='word_1_84' title='bbox 632 876 674 912; x_wconf 77' lang='lat'><strong>¹⁸</strong></span> <span class='ocrx_word' id='word_1_85' title='bbox 704 891 721 934; x_wconf 88' lang='lat'>:</span> <span class='ocrx_word' id='word_1_86' title='bbox 760 894 792 932; x_wconf 69' lang='lat'><strong>&lt;1</strong></span> <span class='ocrx_word' id='word_1_87' title='bbox 818 875 1093 950; x_wconf 79' lang='lat' dir='ltr'><strong>Provoco,</strong></span> <span class='ocrx_word' id='word_1_88' title='bbox 1123 871 1332 963; x_wconf 82' lang='lat' dir='ltr'><strong>inquit.</strong></span> <span class='ocrx_word' id='word_1_89' title='bbox 1349 894 1380 932; x_wconf 61' lang='grc' dir='ltr'><strong>ι)</strong></span> <span class='ocrx_word' id='word_1_90' title='bbox 1407 874 1494 933; x_wconf 90' lang='lat' dir='ltr'><strong>Ita</strong></span> <span class='ocrx_word' id='word_1_91' title='bbox 1518 871 1589 932; x_wconf 89' lang='lat' dir='ltr'><strong>de</strong></span> <span class='ocrx_word' id='word_1_92' title='bbox 1616 871 2009 952; x_wconf 83' lang='lat' dir='ltr'><strong>provocatione</strong></span> <span class='ocrx_word' id='word_1_93' title='bbox 2030 892 2160 932; x_wconf 89' lang='lat' dir='ltr'><strong>cer-</strong></span> 
     </span>
     <span class='ocr_line' id='line_1_11' title="bbox 311 950 2159 1032; baseline -0.001 -19"><span class='ocrx_word' id='word_1_94' title='bbox 311 962 497 1014; x_wconf 88' lang='lat' dir='ltr'><strong>tatum</strong></span> <span class='ocrx_word' id='word_1_95' title='bbox 532 952 603 1014; x_wconf 89' lang='lat' dir='ltr'><strong>ad</strong></span> <span class='ocrx_word' id='word_1_96' title='bbox 637 972 709 1032; x_wconf 91' lang='lat' dir='ltr'><strong>po</strong></span> <span class='ocrx_word' id='word_1_97' title='bbox 750 952 912 1013; x_wconf 88' lang='lat' dir='ltr'><strong>ulum</strong></span> <span class='ocrx_word' id='word_1_98' title='bbox 946 960 1053 1013; x_wconf 89' lang='lat' dir='ltr'><strong>est.</strong></span> <span class='ocrx_word' id='word_1_99' title='bbox 1093 953 1231 1013; x_wconf 76' lang='lat' dir='ltr'><strong>Mon</strong></span> <span class='ocrx_word' id='word_1_100' title='bbox 1264 950 1528 1013; x_wconf 88' lang='lat' dir='ltr'><strong>homines</strong></span> <span class='ocrx_word' id='word_1_101' title='bbox 1561 959 1695 1012; x_wconf 88' lang='lat' dir='ltr'><strong>sunt</strong></span> <span class='ocrx_word' id='word_1_102' title='bbox 1726 950 1785 1010; x_wconf 91' lang='lat' dir='ltr'><strong>in</strong></span> <span class='ocrx_word' id='word_1_103' title='bbox 1821 970 1887 1011; x_wconf 88' lang='lat' dir='ltr'><strong>eo</strong></span> <span class='ocrx_word' id='word_1_104' title='bbox 1919 950 2159 1032; x_wconf 87' lang='lat' dir='ltr'><strong>judicio,</strong></span> 
     </span>
     <span class='ocr_line' id='line_1_12' title="bbox 313 973 2157 1120; baseline -0.001 -28"><span class='ocrx_word' id='word_1_105' title='bbox 313 1031 559 1093; x_wconf 82' lang='lat' dir='ltr'><strong>maxime</strong></span> <span class='ocrx_word' id='word_1_106' title='bbox 599 1032 666 1090; x_wconf 90' lang='lat' dir='ltr'><strong>P.</strong></span> <span class='ocrx_word' id='word_1_107' title='bbox 711 973 945 1093; x_wconf 47' lang='lat' dir='ltr'><strong>{lorado</strong></span> <span class='ocrx_word' id='word_1_108' title='bbox 986 1039 1146 1112; x_wconf 86' lang='lat' dir='ltr'><strong>patre</strong></span> <span class='ocrx_word' id='word_1_109' title='bbox 1184 1032 1605 1111; x_wconf 87' lang='lat' dir='ltr'><strong>proclamante,</strong></span> <span class='ocrx_word' id='word_1_110' title='bbox 1648 1052 1679 1089; x_wconf 76' lang='grc' dir='ltr'>α</span> <span class='ocrx_word' id='word_1_111' title='bbox 1712 1049 1772 1090; x_wconf 89' lang='lat' dir='ltr'><strong>sc</strong></span> <span class='ocrx_word' id='word_1_112' title='bbox 1811 1028 1990 1091; x_wconf 83' lang='lat' dir='ltr'><strong>filiam</strong></span> <span class='ocrx_word' id='word_1_113' title='bbox 2027 1029 2157 1120; x_wconf 74' lang='lat' dir='ltr'><strong>jure</strong></span> 
     </span>
     <span class='ocr_line' id='line_1_13' title="bbox 320 1104 2159 1191; baseline 0.001 -21"><span class='ocrx_word' id='word_1_114' title='bbox 320 1132 351 1170; x_wconf 73' lang='grc' dir='ltr'><strong>α</strong></span> <span class='ocrx_word' id='word_1_115' title='bbox 391 1129 593 1172; x_wconf 84' lang='lat' dir='ltr'><strong>caesam</strong></span> <span class='ocrx_word' id='word_1_116' title='bbox 627 1109 921 1191; x_wconf 78' lang='lat' dir='ltr'><strong>judicare3</strong></span> <span class='ocrx_word' id='word_1_117' title='bbox 966 1109 1027 1170; x_wconf 91' lang='lat' dir='ltr'><strong>ni</strong></span> <span class='ocrx_word' id='word_1_118' title='bbox 1067 1109 1149 1171; x_wconf 87' lang='lat' dir='ltr'><strong>ita</strong></span> <span class='ocrx_word' id='word_1_119' title='bbox 1189 1117 1366 1186; x_wconf 86' lang='lat' dir='ltr'><strong>esset,</strong></span> <span class='ocrx_word' id='word_1_120' title='bbox 1402 1104 1586 1191; x_wconf 87' lang='lat' dir='ltr'><strong>patrio</strong></span> <span class='ocrx_word' id='word_1_121' title='bbox 1629 1109 1835 1185; x_wconf 81' lang='lat' dir='ltr'><strong>’ure¹⁰,</strong></span> <span class='ocrx_word' id='word_1_122' title='bbox 1877 1108 1939 1170; x_wconf 94' lang='lat' dir='ltr'><strong>in</strong></span> <span class='ocrx_word' id='word_1_123' title='bbox 1971 1109 2159 1171; x_wconf 78' lang='lat' dir='ltr'><strong>fillum</strong></span> 
     </span>
     <span class='ocr_line' id='line_1_14' title="bbox 320 1187 2160 1265; baseline 0 -14"><span class='ocrx_word' id='word_1_124' title='bbox 320 1212 351 1251; x_wconf 81' lang='grc' dir='ltr'>α</span> <span class='ocrx_word' id='word_1_125' title='bbox 390 1189 920 1251; x_wconf 86' lang='lat' dir='ltr'><strong>animadversurum</strong></span> <span class='ocrx_word' id='word_1_126' title='bbox 947 1187 1141 1253; x_wconf 82' lang='lat' dir='ltr'><strong>fuisse.</strong></span> <span class='ocrx_word' id='word_1_127' title='bbox 1171 1211 1202 1248; x_wconf 71' lang='grc' dir='ltr'><strong>ι)</strong></span> <span class='ocrx_word' id='word_1_128' title='bbox 1240 1188 1452 1253; x_wconf 87' lang='lat' dir='ltr'><strong>Orabat</strong></span> <span class='ocrx_word' id='word_1_129' title='bbox 1471 1187 1602 1249; x_wconf 90' lang='lat' dir='ltr'><strong>dein</strong></span> <span class='ocrx_word' id='word_1_130' title='bbox 1643 1208 1697 1265; x_wconf 88' lang='lat' dir='ltr'><strong>e,</strong></span> <span class='ocrx_word' id='word_1_131' title='bbox 1734 1209 1765 1247; x_wconf 76' lang='grc' dir='ltr'><strong>ε(</strong></span> <span class='ocrx_word' id='word_1_132' title='bbox 1785 1208 1859 1249; x_wconf 90' lang='lat' dir='ltr'><strong>ne</strong></span> <span class='ocrx_word' id='word_1_133' title='bbox 1883 1208 1966 1264; x_wconf 89' lang='lat' dir='ltr'><strong>se,</strong></span> <span class='ocrx_word' id='word_1_134' title='bbox 2027 1209 2160 1251; x_wconf 89' lang='lat' dir='ltr'><strong>uem</strong></span> 
     </span>
     <span class='ocr_line' id='line_1_15' title="bbox 353 1267 2161 1350; baseline 0 -22"><span class='ocrx_word' id='word_1_135' title='bbox 353 1270 481 1330; x_wconf 87' lang='lat' dir='ltr'><strong>aulo</strong></span> <span class='ocrx_word' id='word_1_136' title='bbox 503 1276 632 1330; x_wconf 88' lang='lat' dir='ltr'><strong>ante</strong></span> <span class='ocrx_word' id='word_1_137' title='bbox 653 1289 789 1329; x_wconf 89' lang='lat' dir='ltr'><strong>cum</strong></span> <span class='ocrx_word' id='word_1_138' title='bbox 809 1267 1035 1350; x_wconf 86' lang='lat' dir='ltr'><strong>egregia</strong></span> <span class='ocrx_word' id='word_1_139' title='bbox 1059 1267 1235 1349; x_wconf 87' lang='lat' dir='ltr'><strong>stirpe</strong></span> <span class='ocrx_word' id='word_1_140' title='bbox 1258 1267 1712 1350; x_wconf 83' lang='lat' dir='ltr'><strong>conspexissent,</strong></span> <span class='ocrx_word' id='word_1_141' title='bbox 1740 1267 1946 1328; x_wconf 86' lang='lat' dir='ltr'><strong>orbum</strong></span> <span class='ocrx_word' id='word_1_142' title='bbox 1970 1268 2005 1328; x_wconf 89' lang='lat' dir='ltr'><strong>li</strong></span> <span class='ocrx_word' id='word_1_143' title='bbox 2050 1268 2161 1329; x_wconf 81' lang='lat' dir='ltr'><strong>eris</strong></span> 
     </span>
     <span class='ocr_line' id='line_1_16' title="bbox 337 1347 2163 1430; baseline 0.001 -23"><span class='ocrx_word' id='word_1_144' title='bbox 337 1356 583 1410; x_wconf 86' lang='lat' dir='ltr'><strong>acerent.</strong></span> <span class='ocrx_word' id='word_1_145' title='bbox 628 1371 659 1408; x_wconf 76' lang='lat' dir='ltr'><strong>n</strong></span> <span class='ocrx_word' id='word_1_146' title='bbox 708 1352 863 1410; x_wconf 87' lang='lat' dir='ltr'><strong>Inter</strong></span> <span class='ocrx_word' id='word_1_147' title='bbox 902 1348 1026 1409; x_wconf 78' lang='lat' dir='ltr'><strong>haec</strong></span> <span class='ocrx_word' id='word_1_148' title='bbox 1064 1367 1232 1410; x_wconf 83' lang='lat' dir='ltr'><strong>senex</strong></span> <span class='ocrx_word' id='word_1_149' title='bbox 1249 1392 1270 1424; x_wconf 91' lang='lat'><strong>,</strong></span> <span class='ocrx_word' id='word_1_150' title='bbox 1313 1347 1580 1430; x_wconf 84' lang='lat' dir='ltr'><strong>juvenem</strong></span> <span class='ocrx_word' id='word_1_151' title='bbox 1621 1349 1912 1427; x_wconf 83' lang='lat' dir='ltr'><strong>amplexus</strong></span> <span class='ocrx_word' id='word_1_152' title='bbox 1928 1392 1949 1423; x_wconf 89' lang='lat'><strong>,</strong></span> <span class='ocrx_word' id='word_1_153' title='bbox 1985 1347 2163 1428; x_wconf 87' lang='lat' dir='ltr'><strong>spolia</strong></span> 
     </span>
     <span class='ocr_line' id='line_1_17' title="bbox 313 1426 2162 1509; baseline -0.001 -22"><span class='ocrx_word' id='word_1_154' title='bbox 313 1426 702 1491; x_wconf 86' lang='lat' dir='ltr'><strong>Curiatiorum</strong></span> <span class='ocrx_word' id='word_1_155' title='bbox 720 1429 831 1489; x_wconf 86' lang='lat' dir='ltr'><strong>fixa</strong></span> <span class='ocrx_word' id='word_1_156' title='bbox 857 1447 921 1489; x_wconf 91' lang='lat' dir='ltr'><strong>eo</strong></span> <span class='ocrx_word' id='word_1_157' title='bbox 943 1427 1089 1504; x_wconf 92' lang='lat' dir='ltr'><strong>loco,</strong></span> <span class='ocrx_word' id='word_1_158' title='bbox 1117 1426 1217 1508; x_wconf 89' lang='lat' dir='ltr'><strong>qui</strong></span> <span class='ocrx_word' id='word_1_159' title='bbox 1238 1446 1392 1490; x_wconf 89' lang='lat' dir='ltr'><strong>nunc</strong></span> <span class='ocrx_word' id='word_1_160' title='bbox 1419 1426 1545 1489; x_wconf 88' lang='lat' dir='ltr'><strong>Pila</strong></span> <span class='ocrx_word' id='word_1_161' title='bbox 1572 1426 1806 1487; x_wconf 87' lang='lat' dir='ltr'><strong>Horatia</strong></span> <span class='ocrx_word' id='word_1_162' title='bbox 1824 1427 2162 1509; x_wconf 86' lang='lat' dir='ltr'><strong>appellatur,</strong></span> 
     </span>
     <span class='ocr_line' id='line_1_18' title="bbox 316 1505 2163 1587; baseline -0.002 -19"><span class='ocrx_word' id='word_1_163' title='bbox 316 1512 600 1568; x_wconf 84' lang='lat' dir='ltr'><strong>ostentans</strong></span> <span class='ocrx_word' id='word_1_164' title='bbox 644 1524 661 1568; x_wconf 76' lang='grc' dir='ltr'><strong><em>ε</em></strong></span> <span class='ocrx_word' id='word_1_165' title='bbox 717 1528 748 1566; x_wconf 74' lang='grc' dir='ltr'><strong>ε(</strong></span> <span class='ocrx_word' id='word_1_166' title='bbox 790 1506 1108 1583; x_wconf 85' lang='lat' dir='ltr'><strong>Hunccine,</strong></span> <span class='ocrx_word' id='word_1_167' title='bbox 1143 1505 1353 1583; x_wconf 85' lang='lat' dir='ltr'><strong>aiebat,</strong></span> <span class='ocrx_word' id='word_1_168' title='bbox 1389 1526 1563 1587; x_wconf 86' lang='lat' dir='ltr'><strong>quem</strong></span> <span class='ocrx_word' id='word_1_169' title='bbox 1606 1505 1776 1566; x_wconf 91' lang='lat' dir='ltr'><strong>modo</strong></span> <span class='ocrx_word' id='word_1_170' title='bbox 1810 1505 2163 1580; x_wconf 85' lang='lat' dir='ltr'><strong>decoratum,</strong></span> 
     </span>
     <span class='ocr_line' id='line_1_19' title="bbox 323 1583 2166 1669; baseline -0.001 -23"><span class='ocrx_word' id='word_1_171' title='bbox 323 1606 354 1646; x_wconf 73' lang='grc' dir='ltr'><strong>α</strong></span> <span class='ocrx_word' id='word_1_172' title='bbox 394 1594 767 1669; x_wconf 85' lang='lat' dir='ltr'><strong>ovantemque</strong></span> <span class='ocrx_word' id='word_1_173' title='bbox 790 1584 1028 1648; x_wconf 80' lang='lat' dir='ltr'><strong>victoria</strong></span> <span class='ocrx_word' id='word_1_174' title='bbox 1053 1584 1411 1648; x_wconf 85' lang='lat' dir='ltr'><strong>incedentem</strong></span> <span class='ocrx_word' id='word_1_175' title='bbox 1435 1584 1656 1645; x_wconf 85' lang='lat' dir='ltr'><strong>vidistis</strong></span> <span class='ocrx_word' id='word_1_176' title='bbox 1667 1630 1688 1660; x_wconf 90' lang='lat'>‚</span> <span class='ocrx_word' id='word_1_177' title='bbox 1717 1583 1967 1659; x_wconf 86' lang='lat' dir='ltr'><strong>Quirites</strong></span> <span class='ocrx_word' id='word_1_178' title='bbox 1974 1628 1995 1660; x_wconf 91' lang='lat'><strong>,</strong></span> <span class='ocrx_word' id='word_1_179' title='bbox 2030 1604 2166 1644; x_wconf 87' lang='lat' dir='ltr'><strong>eum</strong></span> 
     </span>
     <span class='ocr_line' id='line_1_20' title="bbox 325 1663 2168 1729; baseline 0.001 -7"><span class='ocrx_word' id='word_1_180' title='bbox 325 1687 355 1723; x_wconf 73' lang='lat' dir='ltr'><strong>t(</strong></span> <span class='ocrx_word' id='word_1_181' title='bbox 396 1666 503 1727; x_wconf 82' lang='lat' dir='ltr'><strong>sub</strong></span> <span class='ocrx_word' id='word_1_182' title='bbox 555 1667 719 1729; x_wconf 82' lang='lat' dir='ltr'><strong>furca</strong></span> <span class='ocrx_word' id='word_1_183' title='bbox 768 1665 1026 1727; x_wconf 82' lang='lat' dir='ltr'><strong>vinctum</strong></span> <span class='ocrx_word' id='word_1_184' title='bbox 1085 1663 1236 1727; x_wconf 87' lang='lat' dir='ltr'><strong>inter</strong></span> <span class='ocrx_word' id='word_1_185' title='bbox 1275 1664 1511 1726; x_wconf 82' lang='lat' dir='ltr'><strong>verbera</strong></span> <span class='ocrx_word' id='word_1_186' title='bbox 1551 1671 1608 1725; x_wconf 89' lang='lat' dir='ltr'><strong>et</strong></span> <span class='ocrx_word' id='word_1_187' title='bbox 1654 1663 1934 1725; x_wconf 84' lang='lat' dir='ltr'><strong>cruciatus</strong></span> <span class='ocrx_word' id='word_1_188' title='bbox 1974 1663 2168 1725; x_wconf 77' lang='lat' dir='ltr'><strong>videre</strong></span> 
     </span>
     <span class='ocr_line' id='line_1_21' title="bbox 324 1742 2168 1827; baseline -0.001 -23"><span class='ocrx_word' id='word_1_189' title='bbox 324 1766 357 1804; x_wconf 79' lang='lat'><strong>&lt;‹</strong></span> <span class='ocrx_word' id='word_1_190' title='bbox 399 1745 669 1826; x_wconf 69' lang='lat' dir='ltr'><strong>potestis?</strong></span> <span class='ocrx_word' id='word_1_191' title='bbox 692 1746 843 1827; x_wconf 89' lang='lat' dir='ltr'><strong>quod</strong></span> <span class='ocrx_word' id='word_1_192' title='bbox 870 1744 964 1806; x_wconf 82' lang='lat' dir='ltr'><strong>vix</strong></span> <span class='ocrx_word' id='word_1_193' title='bbox 989 1744 1344 1806; x_wconf 82' lang='lat' dir='ltr'><strong>Albanorum</strong></span> <span class='ocrx_word' id='word_1_194' title='bbox 1364 1743 1514 1806; x_wconf 86' lang='lat' dir='ltr'><strong>oculi</strong></span> <span class='ocrx_word' id='word_1_195' title='bbox 1533 1751 1655 1805; x_wconf 88' lang='lat' dir='ltr'><strong>tam</strong></span> <span class='ocrx_word' id='word_1_196' title='bbox 1675 1742 1927 1805; x_wconf 81' lang='lat' dir='ltr'><strong>deforme</strong></span> <span class='ocrx_word' id='word_1_197' title='bbox 1954 1751 2168 1824; x_wconf 85' lang='lat' dir='ltr'><strong>specta-</strong></span> 
     </span>
     <span class='ocr_line' id='line_1_22' title="bbox 323 1822 2165 1905; baseline 0.001 -23"><span class='ocrx_word' id='word_1_198' title='bbox 323 1845 356 1882; x_wconf 77' lang='lat'>«</span> <span class='ocrx_word' id='word_1_199' title='bbox 397 1827 594 1887; x_wconf 90' lang='lat' dir='ltr'><strong>culum</strong></span> <span class='ocrx_word' id='word_1_200' title='bbox 621 1825 769 1887; x_wconf 89' lang='lat' dir='ltr'><strong>ferre</strong></span> <span class='ocrx_word' id='word_1_201' title='bbox 795 1831 1042 1905; x_wconf 88' lang='lat' dir='ltr'><strong>possent.</strong></span> <span class='ocrx_word' id='word_1_202' title='bbox 1075 1826 1129 1899; x_wconf 88' lang='lat'><strong>1,</strong></span> <span class='ocrx_word' id='word_1_203' title='bbox 1159 1822 1348 1899; x_wconf 87' lang='lat' dir='ltr'><strong>lictor,</strong></span> <span class='ocrx_word' id='word_1_204' title='bbox 1379 1822 1582 1904; x_wconf 82' lang='lat' dir='ltr'><strong>colliga</strong></span> <span class='ocrx_word' id='word_1_205' title='bbox 1611 1843 1815 1884; x_wconf 86' lang='lat' dir='ltr'><strong>manus</strong></span> <span class='ocrx_word' id='word_1_206' title='bbox 1844 1841 1969 1903; x_wconf 84' lang='lat' dir='ltr'><strong>quae</strong></span> <span class='ocrx_word' id='word_1_207' title='bbox 1997 1823 2165 1902; x_wconf 80' lang='lat' dir='ltr'><strong>paulo</strong></span> 
     </span>
     <span class='ocr_line' id='line_1_23' title="bbox 326 1902 2164 1994; baseline -0.001 -32"><span class='ocrx_word' id='word_1_208' title='bbox 326 1924 358 1962; x_wconf 76' lang='grc' dir='ltr'><strong>(ι</strong></span> <span class='ocrx_word' id='word_1_209' title='bbox 398 1911 526 1964; x_wconf 89' lang='lat' dir='ltr'><strong>ante</strong></span> <span class='ocrx_word' id='word_1_210' title='bbox 558 1911 791 1981; x_wconf 84' lang='lat' dir='ltr'><strong>armatae</strong></span> <span class='ocrx_word' id='word_1_211' title='bbox 825 1902 1135 1994; x_wconf 89' lang='lat' dir='ltr'><strong>imperium</strong></span> <span class='ocrx_word' id='word_1_212' title='bbox 1175 1903 1386 1984; x_wconf 90' lang='lat' dir='ltr'><strong>populo</strong></span> <span class='ocrx_word' id='word_1_213' title='bbox 1426 1923 1663 1963; x_wconf 89' lang='lat' dir='ltr'><strong>romano</strong></span> <span class='ocrx_word' id='word_1_214' title='bbox 1705 1923 1773 1982; x_wconf 89' lang='lat' dir='ltr'><strong>pe</strong></span> <span class='ocrx_word' id='word_1_215' title='bbox 1815 1909 2066 1962; x_wconf 88' lang='lat' dir='ltr'><strong>ererunt.</strong></span> <span class='ocrx_word' id='word_1_216' title='bbox 2113 1905 2164 1977; x_wconf 87' lang='lat' dir='ltr'><strong>l,</strong></span> 
     </span>
     <span class='ocr_line' id='line_1_24' title="bbox 323 1979 2164 2063; baseline -0.001 -22"><span class='ocrx_word' id='word_1_217' title='bbox 323 2003 358 2041; x_wconf 70' lang='lat' dir='ltr'><strong>c</strong></span> <span class='ocrx_word' id='word_1_218' title='bbox 399 1990 569 2063; x_wconf 84' lang='lat' dir='ltr'><strong>caput</strong></span> <span class='ocrx_word' id='word_1_219' title='bbox 615 1982 840 2044; x_wconf 87' lang='lat' dir='ltr'><strong>obnube</strong></span> <span class='ocrx_word' id='word_1_220' title='bbox 894 1980 1208 2044; x_wconf 73' lang='lat' dir='ltr'><strong>liberatoris</strong></span> <span class='ocrx_word' id='word_1_221' title='bbox 1254 1981 1414 2043; x_wconf 90' lang='lat' dir='ltr'><strong>urbis</strong></span> <span class='ocrx_word' id='word_1_222' title='bbox 1461 1981 1656 2063; x_wconf 85' lang='lat' dir='ltr'><strong>hujus.</strong></span> <span class='ocrx_word' id='word_1_223' title='bbox 1707 1982 1787 2041; x_wconf 84' lang='lat' dir='ltr'><strong>Ar</strong></span> <span class='ocrx_word' id='word_1_224' title='bbox 1827 1979 1911 2041; x_wconf 90' lang='lat' dir='ltr'><strong>ori</strong></span> <span class='ocrx_word' id='word_1_225' title='bbox 1955 1979 2164 2041; x_wconf 88' lang='lat' dir='ltr'><strong>infelici</strong></span> 
     </span>
     <span class='ocr_line' id='line_1_25' title="bbox 322 2057 2167 2142; baseline 0 -22"><span class='ocrx_word' id='word_1_226' title='bbox 322 2081 358 2120; x_wconf 72' lang='lat' dir='ltr'><strong>n</strong></span> <span class='ocrx_word' id='word_1_227' title='bbox 398 2061 711 2142; x_wconf 84' lang='lat' dir='ltr'><strong>suspende3</strong></span> <span class='ocrx_word' id='word_1_228' title='bbox 732 2061 968 2122; x_wconf 86' lang='lat' dir='ltr'><strong>verbera</strong></span> <span class='ocrx_word' id='word_1_229' title='bbox 984 2061 1073 2121; x_wconf 87' lang='lat' dir='ltr'><strong>vel</strong></span> <span class='ocrx_word' id='word_1_230' title='bbox 1101 2059 1251 2121; x_wconf 88' lang='lat' dir='ltr'><strong>intra</strong></span> <span class='ocrx_word' id='word_1_231' title='bbox 1278 2060 1626 2142; x_wconf 85' lang='lat' dir='ltr'><strong>pomoerium</strong></span> <span class='ocrx_word' id='word_1_232' title='bbox 1635 2105 1657 2137; x_wconf 88' lang='lat'><strong>,</strong></span> <span class='ocrx_word' id='word_1_233' title='bbox 1693 2059 1862 2121; x_wconf 88' lang='lat' dir='ltr'><strong>modo</strong></span> <span class='ocrx_word' id='word_1_234' title='bbox 1897 2059 2046 2120; x_wconf 86' lang='lat' dir='ltr'><strong>inter</strong></span> <span class='ocrx_word' id='word_1_235' title='bbox 2072 2057 2167 2120; x_wconf 88' lang='lat' dir='ltr'><strong>illa</strong></span> 
     </span>
     <span class='ocr_line' id='line_1_26' title="bbox 325 2137 2168 2221; baseline -0.001 -22"><span class='ocrx_word' id='word_1_236' title='bbox 325 2160 359 2199; x_wconf 75' lang='grc' dir='ltr'><strong>α</strong></span> <span class='ocrx_word' id='word_1_237' title='bbox 400 2139 539 2220; x_wconf 90' lang='lat' dir='ltr'><strong>pila,</strong></span> <span class='ocrx_word' id='word_1_238' title='bbox 559 2148 616 2201; x_wconf 88' lang='lat' dir='ltr'><strong>et</strong></span> <span class='ocrx_word' id='word_1_239' title='bbox 635 2139 812 2221; x_wconf 88' lang='lat' dir='ltr'><strong>spolia</strong></span> <span class='ocrx_word' id='word_1_240' title='bbox 829 2139 1124 2202; x_wconf 84' lang='lat' dir='ltr'><strong>hostium:</strong></span> <span class='ocrx_word' id='word_1_241' title='bbox 1149 2141 1234 2200; x_wconf 86' lang='lat' dir='ltr'><strong>vel</strong></span> <span class='ocrx_word' id='word_1_242' title='bbox 1255 2148 1412 2201; x_wconf 85' lang='lat' dir='ltr'><strong>extra</strong></span> <span class='ocrx_word' id='word_1_243' title='bbox 1437 2138 1807 2221; x_wconf 89' lang='lat' dir='ltr'><strong>pomoerium,</strong></span> <span class='ocrx_word' id='word_1_244' title='bbox 1830 2138 2000 2200; x_wconf 91' lang='lat' dir='ltr'><strong>modo</strong></span> <span class='ocrx_word' id='word_1_245' title='bbox 2020 2137 2168 2219; x_wconf 86' lang='lat' dir='ltr'><strong>inter</strong></span> 
     </span>
     <span class='ocr_line' id='line_1_27' title="bbox 328 2218 2166 2300; baseline -0.001 -23"><span class='ocrx_word' id='word_1_246' title='bbox 328 2240 361 2277; x_wconf 70' lang='grc' dir='ltr'><strong>(ι</strong></span> <span class='ocrx_word' id='word_1_247' title='bbox 401 2219 659 2300; x_wconf 85' lang='lat' dir='ltr'><strong>sepulcra</strong></span> <span class='ocrx_word' id='word_1_248' title='bbox 684 2218 1090 2296; x_wconf 88' lang='lat' dir='ltr'><strong>Curiatiorum.</strong></span> <span class='ocrx_word' id='word_1_249' title='bbox 1123 2220 1248 2293; x_wconf 86' lang='lat' dir='ltr'><strong>Quo</strong></span> <span class='ocrx_word' id='word_1_250' title='bbox 1288 2218 1446 2281; x_wconf 92' lang='lat' dir='ltr'><strong>enim</strong></span> <span class='ocrx_word' id='word_1_251' title='bbox 1482 2219 1689 2280; x_wconf 90' lang='lat' dir='ltr'><strong>ducere</strong></span> <span class='ocrx_word' id='word_1_252' title='bbox 1722 2220 1876 2279; x_wconf 89' lang='lat' dir='ltr'><strong>hunc</strong></span> <span class='ocrx_word' id='word_1_253' title='bbox 1898 2219 2166 2298; x_wconf 86' lang='lat' dir='ltr'><strong>juvenem</strong></span> 
     </span>
     <span class='ocr_line' id='line_1_28' title="bbox 327 2297 2168 2379; baseline -0.001 -21"><span class='ocrx_word' id='word_1_254' title='bbox 327 2319 361 2358; x_wconf 71' lang='grc' dir='ltr'><strong>(ι</strong></span> <span class='ocrx_word' id='word_1_255' title='bbox 400 2298 656 2379; x_wconf 84' lang='lat' dir='ltr'><strong>potestis,</strong></span> <span class='ocrx_word' id='word_1_256' title='bbox 692 2297 789 2359; x_wconf 89' lang='lat' dir='ltr'><strong>ubi</strong></span> <span class='ocrx_word' id='word_1_257' title='bbox 824 2316 940 2360; x_wconf 88' lang='lat' dir='ltr'><strong>non</strong></span> <span class='ocrx_word' id='word_1_258' title='bbox 967 2319 1070 2360; x_wconf 90' lang='lat' dir='ltr'><strong>sua</strong></span> <span class='ocrx_word' id='word_1_259' title='bbox 1103 2297 1307 2360; x_wconf 88' lang='lat' dir='ltr'><strong>decora</strong></span> <span class='ocrx_word' id='word_1_260' title='bbox 1338 2318 1473 2360; x_wconf 89' lang='lat' dir='ltr'><strong>eum</strong></span> <span class='ocrx_word' id='word_1_261' title='bbox 1500 2319 1534 2359; x_wconf 89' lang='lat' dir='ltr'><strong>a</strong></span> <span class='ocrx_word' id='word_1_262' title='bbox 1562 2306 1717 2361; x_wconf 77' lang='lat' dir='ltr'><strong>tanta</strong></span> <span class='ocrx_word' id='word_1_263' title='bbox 1746 2297 1994 2360; x_wconf 85' lang='lat' dir='ltr'><strong>foeditate</strong></span> <span class='ocrx_word' id='word_1_264' title='bbox 2023 2316 2168 2376; x_wconf 86' lang='lat' dir='ltr'><strong>sup-</strong></span> 
     </span>
     <span class='ocr_line' id='line_1_29' title="bbox 325 2376 2165 2460; baseline 0 -22"><span class='ocrx_word' id='word_1_265' title='bbox 325 2399 360 2438; x_wconf 74' lang='lat'>«</span> <span class='ocrx_word' id='word_1_266' title='bbox 402 2377 556 2460; x_wconf 90' lang='lat' dir='ltr'><strong>plicii</strong></span> <span class='ocrx_word' id='word_1_267' title='bbox 575 2377 902 2443; x_wconf 73' lang='lat' dir='ltr'><strong>vindicent?</strong></span> <span class='ocrx_word' id='word_1_268' title='bbox 924 2402 954 2439; x_wconf 69' lang='lat'><strong>&gt;³</strong></span> <span class='ocrx_word' id='word_1_269' title='bbox 984 2380 1111 2441; x_wconf 90' lang='lat' dir='ltr'><strong>Non</strong></span> <span class='ocrx_word' id='word_1_270' title='bbox 1132 2376 1263 2439; x_wconf 90' lang='lat' dir='ltr'><strong>tulit</strong></span> <span class='ocrx_word' id='word_1_271' title='bbox 1283 2379 1526 2459; x_wconf 90' lang='lat' dir='ltr'><strong>populus</strong></span> <span class='ocrx_word' id='word_1_272' title='bbox 1546 2397 1652 2439; x_wconf 90' lang='lat' dir='ltr'><strong>nec</strong></span> <span class='ocrx_word' id='word_1_273' title='bbox 1672 2377 1849 2458; x_wconf 83' lang='lat' dir='ltr'><strong>patris</strong></span> <span class='ocrx_word' id='word_1_274' title='bbox 1865 2379 2165 2459; x_wconf 73' lang='lat' dir='ltr'><strong>lacrymaS‚</strong></span> 
     </span>
    </p>
   </div>
   <div class='ocr_carea' id='block_1_3' title="bbox 322 2615 2169 3199">
    <p class='ocr_par' dir='ltr' id='par_1_3' title="bbox 322 2615 2169 3199">
     <span class='ocr_line' id='line_1_30' title="bbox 380 2615 2165 2675; baseline -0.001 -14"><span class='ocrx_word' id='word_1_275' title='bbox 380 2618 423 2653; x_wconf 73' lang='lat'><strong>1²</strong></span> <span class='ocrx_word' id='word_1_276' title='bbox 467 2617 798 2662; x_wconf 67' lang='lat' dir='ltr'><strong>Provocatione</strong></span> <span class='ocrx_word' id='word_1_277' title='bbox 855 2620 1039 2668; x_wconf 79' lang='lat' dir='ltr'><strong>certato,</strong></span> <span class='ocrx_word' id='word_1_278' title='bbox 1072 2634 1090 2656; x_wconf 68' lang='lat' dir='ltr'><strong>c</strong></span> <span class='ocrx_word' id='word_1_279' title='bbox 1110 2615 1217 2670; x_wconf 89' lang='lat' dir='ltr'><strong>qu&#39;il</strong></span> <span class='ocrx_word' id='word_1_280' title='bbox 1327 2617 1371 2653; x_wconf 78' lang='lat'><strong>¹⁷</strong></span> <span class='ocrx_word' id='word_1_281' title='bbox 1400 2617 1476 2662; x_wconf 81' lang='lat' dir='ltr'><strong>Ea</strong></span> <span class='ocrx_word' id='word_1_282' title='bbox 1494 2616 1598 2675; x_wconf 63' lang='lat' dir='ltr'><strong>lege,</strong></span> <span class='ocrx_word' id='word_1_283' title='bbox 1622 2629 1646 2654; x_wconf 66' lang='grc' dir='ltr'><strong><em>ι</em></strong></span> <span class='ocrx_word' id='word_1_284' title='bbox 1665 2629 1749 2660; x_wconf 80' lang='lat' dir='ltr'><strong>aux</strong></span> <span class='ocrx_word' id='word_1_285' title='bbox 1777 2622 1940 2660; x_wconf 87' lang='lat' dir='ltr'><strong>termes</strong></span> <span class='ocrx_word' id='word_1_286' title='bbox 1968 2617 2024 2660; x_wconf 84' lang='lat' dir='ltr'><strong>de</strong></span> <span class='ocrx_word' id='word_1_287' title='bbox 2049 2621 2165 2660; x_wconf 80' lang='lat' dir='ltr'><strong>cette</strong></span> 
     </span>
     <span class='ocr_line' id='line_1_31' title="bbox 322 2669 1398 2725; baseline -0.005 -9"><span class='ocrx_word' id='word_1_288' title='bbox 322 2684 457 2716; x_wconf 82' lang='lat' dir='ltr'><strong>coure</strong></span> <span class='ocrx_word' id='word_1_289' title='bbox 473 2672 543 2715; x_wconf 84' lang='lat' dir='ltr'><strong>les</strong></span> <span class='ocrx_word' id='word_1_290' title='bbox 563 2672 752 2714; x_wconf 80' lang='lat' dir='ltr'><strong>chauces</strong></span> <span class='ocrx_word' id='word_1_291' title='bbox 770 2671 826 2715; x_wconf 82' lang='lat' dir='ltr'><strong>de</strong></span> <span class='ocrx_word' id='word_1_292' title='bbox 846 2683 928 2714; x_wconf 85' lang='lat' dir='ltr'><strong>son</strong></span> <span class='ocrx_word' id='word_1_293' title='bbox 946 2670 1091 2725; x_wconf 75' lang='lat' dir='ltr'><strong>appel,</strong></span> <span class='ocrx_word' id='word_1_294' title='bbox 1112 2669 1217 2724; x_wconf 80' lang='lat' dir='ltr'><strong>qu&#39;il</strong></span> <span class='ocrx_word' id='word_1_295' title='bbox 1271 2670 1349 2713; x_wconf 83' lang='lat'><strong>101.</strong></span> <span class='ocrx_word' id='word_1_296' title='bbox 1375 2687 1398 2711; x_wconf 81' lang='lat'><strong>›</strong></span> 
     </span>
     <span class='ocr_line' id='line_1_32' title="bbox 326 2721 2164 2780; baseline -0.001 -12"><span class='ocrx_word' id='word_1_297' title='bbox 326 2738 384 2768; x_wconf 82' lang='lat' dir='ltr'><strong>en</strong></span> <span class='ocrx_word' id='word_1_298' title='bbox 402 2724 572 2766; x_wconf 77' lang='lat' dir='ltr'><strong>subisse</strong></span> <span class='ocrx_word' id='word_1_299' title='bbox 590 2726 656 2767; x_wconf 87' lang='lat' dir='ltr'><strong>les</strong></span> <span class='ocrx_word' id='word_1_300' title='bbox 672 2722 806 2767; x_wconf 69' lang='lat' dir='ltr'><strong>conse</strong></span> <span class='ocrx_word' id='word_1_301' title='bbox 837 2723 1220 2768; x_wconf 61' lang='lat' dir='ltr'><strong>uenm‘Remw</strong></span> <span class='ocrx_word' id='word_1_302' title='bbox 1329 2722 1373 2757; x_wconf 80' lang='lat'><strong>18</strong></span> <span class='ocrx_word' id='word_1_303' title='bbox 1400 2722 1473 2767; x_wconf 82' lang='lat' dir='ltr'><strong>Ne</strong></span> <span class='ocrx_word' id='word_1_304' title='bbox 1503 2722 1736 2766; x_wconf 63' lang='lat' dir='ltr'><strong>innoxium</strong></span> <span class='ocrx_word' id='word_1_305' title='bbox 1775 2721 1946 2780; x_wconf 66' lang='lat' dir='ltr'><strong>quidem</strong></span> <span class='ocrx_word' id='word_1_306' title='bbox 1961 2753 1973 2775; x_wconf 95' lang='lat'>‚</span> <span class='ocrx_word' id='word_1_307' title='bbox 2008 2728 2164 2766; x_wconf 85' lang='lat' dir='ltr'><strong>s.-ent.</strong></span> 
     </span>
     <span class='ocr_line' id='line_1_33' title="bbox 356 2772 2164 2832; baseline -0.001 -12"><span class='ocrx_word' id='word_1_308' title='bbox 356 2789 437 2820; x_wconf 86' lang='lat' dir='ltr'><strong>uez</strong></span> <span class='ocrx_word' id='word_1_309' title='bbox 462 2776 716 2828; x_wconf 71' lang='lat' dir='ltr'><strong>l‘imperatif</strong></span> <span class='ocrx_word' id='word_1_310' title='bbox 737 2787 795 2819; x_wconf 85' lang='lat' dir='ltr'><strong>en</strong></span> <span class='ocrx_word' id='word_1_311' title='bbox 886 2775 1003 2820; x_wconf 73' lang='lat' dir='ltr'><strong>mite</strong></span> <span class='ocrx_word' id='word_1_312' title='bbox 1020 2778 1132 2820; x_wconf 79' lang='lat' dir='ltr'><strong>dans</strong></span> <span class='ocrx_word' id='word_1_313' title='bbox 1148 2776 1217 2819; x_wconf 85' lang='lat' dir='ltr'><strong>les</strong></span> <span class='ocrx_word' id='word_1_314' title='bbox 1272 2773 1461 2832; x_wconf 76' lang='lat' dir='ltr'><strong>aliquem</strong></span> <span class='ocrx_word' id='word_1_315' title='bbox 1499 2788 1522 2813; x_wconf 66' lang='grc' dir='ltr'><strong><em>ε</em></strong></span> <span class='ocrx_word' id='word_1_316' title='bbox 1549 2776 1695 2819; x_wconf 69' lang='lat' dir='ltr'><strong>fut-on</strong></span> <span class='ocrx_word' id='word_1_317' title='bbox 1720 2776 1948 2829; x_wconf 83' lang='lat' dir='ltr'><strong>innocent,</strong></span> <span class='ocrx_word' id='word_1_318' title='bbox 1967 2789 1991 2815; x_wconf 79' lang='lat'><strong>&gt;</strong></span> <span class='ocrx_word' id='word_1_319' title='bbox 2009 2772 2164 2818; x_wconf 67' lang='lat' dir='ltr'><strong>eut-on</strong></span> 
     </span>
     <span class='ocr_line' id='line_1_34' title="bbox 370 2807 2168 2890; baseline 0 -20"><span class='ocrx_word' id='word_1_320' title='bbox 370 2829 533 2890; x_wconf 79' lang='lat' dir='ltr'><strong>mules</strong></span> <span class='ocrx_word' id='word_1_321' title='bbox 554 2826 738 2890; x_wconf 67' lang='lat' dir='ltr'><strong>legales.</strong></span> <span class='ocrx_word' id='word_1_322' title='bbox 1333 2830 1341 2839; x_wconf 84' lang='lat'>&#39;</span> <span class='ocrx_word' id='word_1_323' title='bbox 1363 2807 1797 2882; x_wconf 73' lang='lat' dir='ltr'><strong>involontairement‚</strong></span> <span class='ocrx_word' id='word_1_324' title='bbox 1819 2830 1932 2871; x_wconf 79' lang='lat' dir='ltr'><strong>dans</strong></span> <span class='ocrx_word' id='word_1_325' title='bbox 1950 2827 1993 2870; x_wconf 87' lang='lat' dir='ltr'><strong>le</strong></span> <span class='ocrx_word' id='word_1_326' title='bbox 2012 2839 2087 2870; x_wconf 86' lang='lat' dir='ltr'><strong>cas</strong></span> <span class='ocrx_word' id='word_1_327' title='bbox 2110 2828 2168 2871; x_wconf 86' lang='lat' dir='ltr'><strong>de</strong></span> 
     </span>
     <span class='ocr_line' id='line_1_35' title="bbox 382 2879 2168 2934; baseline 0.001 -13"><span class='ocrx_word' id='word_1_328' title='bbox 382 2879 428 2914; x_wconf 80' lang='lat'><strong>18</strong></span> <span class='ocrx_word' id='word_1_329' title='bbox 454 2880 506 2921; x_wconf 67' lang='lat' dir='ltr'><strong>Se</strong></span> <span class='ocrx_word' id='word_1_330' title='bbox 541 2882 747 2933; x_wconf 64' lang='lat' dir='ltr'><strong>voment,</strong></span> <span class='ocrx_word' id='word_1_331' title='bbox 781 2885 935 2924; x_wconf 49' lang='lat' dir='ltr'><strong>went.</strong></span> <span class='ocrx_word' id='word_1_332' title='bbox 973 2879 1214 2934; x_wconf 73' lang='lat' dir='ltr'><strong>duumviri,</strong></span> <span class='ocrx_word' id='word_1_333' title='bbox 1272 2882 1290 2924; x_wconf 91' lang='lat'>1</span> <span class='ocrx_word' id='word_1_334' title='bbox 1319 2883 1472 2934; x_wconf 81' lang='lat' dir='ltr'><strong>gitime</strong></span> <span class='ocrx_word' id='word_1_335' title='bbox 1509 2881 1706 2925; x_wconf 76' lang='lat' dir='ltr'><strong>defense.</strong></span> <span class='ocrx_word' id='word_1_336' title='bbox 1743 2881 1781 2924; x_wconf 87' lang='lat'><strong>11</strong></span> <span class='ocrx_word' id='word_1_337' title='bbox 1851 2879 1961 2924; x_wconf 72' lang='lat' dir='ltr'><strong>erait</strong></span> <span class='ocrx_word' id='word_1_338' title='bbox 1998 2880 2168 2934; x_wconf 64' lang='lat' dir='ltr'><strong>d&#39;apres</strong></span> 
     </span>
     <span class='ocr_line' id='line_1_36' title="bbox 327 2894 2169 3003; baseline 0.002 -31"><span class='ocrx_word' id='word_1_339' title='bbox 327 2947 353 2972; x_wconf 67' lang='grc' dir='ltr'>ι</span> <span class='ocrx_word' id='word_1_340' title='bbox 388 2934 428 2976; x_wconf 88' lang='lat' dir='ltr'><strong>si</strong></span> <span class='ocrx_word' id='word_1_341' title='bbox 459 2933 504 2996; x_wconf 74' lang='lat' dir='ltr'><strong>le</strong></span> <span class='ocrx_word' id='word_1_342' title='bbox 548 2932 709 3003; x_wconf 68' lang='lat' dir='ltr'><strong>peuple</strong></span> <span class='ocrx_word' id='word_1_343' title='bbox 754 2934 904 2976; x_wconf 77' lang='lat' dir='ltr'><strong>donne</strong></span> <span class='ocrx_word' id='word_1_344' title='bbox 944 2934 1114 2977; x_wconf 80' lang='lat' dir='ltr'><strong>raison·</strong></span> <span class='ocrx_word' id='word_1_345' title='bbox 1136 2946 1221 2977; x_wconf 85' lang='lat' dir='ltr'><strong>aux</strong></span> <span class='ocrx_word' id='word_1_346' title='bbox 1273 2937 1373 2978; x_wconf 83' lang='lat' dir='ltr'><strong>cela</strong></span> <span class='ocrx_word' id='word_1_347' title='bbox 1389 2948 1474 2991; x_wconf 89' lang='lat' dir='ltr'><strong>que</strong></span> <span class='ocrx_word' id='word_1_348' title='bbox 1489 2935 1538 2978; x_wconf 86' lang='lat' dir='ltr'><strong>la</strong></span> <span class='ocrx_word' id='word_1_349' title='bbox 1552 2935 1616 2978; x_wconf 88' lang='lat' dir='ltr'><strong>loi</strong></span> <span class='ocrx_word' id='word_1_350' title='bbox 1637 2936 1693 2976; x_wconf 85' lang='lat' dir='ltr'><strong>de</strong></span> <span class='ocrx_word' id='word_1_351' title='bbox 1708 2894 1982 2989; x_wconf 58' lang='lat' dir='ltr'><strong>pov-agemon</strong></span> <span class='ocrx_word' id='word_1_352' title='bbox 2003 2933 2169 2986; x_wconf 77' lang='lat' dir='ltr'><strong>portait</strong></span> 
     </span>
     <span class='ocr_line' id='line_1_37' title="bbox 330 2985 2169 3044; baseline -0.001 -14"><span class='ocrx_word' id='word_1_353' title='bbox 330 2988 565 3037; x_wconf 78' lang='lat' dir='ltr'><strong>duumvir-s,</strong></span> <span class='ocrx_word' id='word_1_354' title='bbox 615 2985 682 3027; x_wconf 80' lang='lat' dir='ltr'><strong>sil</strong></span> <span class='ocrx_word' id='word_1_355' title='bbox 719 2986 930 3029; x_wconf 74' lang='lat' dir='ltr'><strong>confir-me</strong></span> <span class='ocrx_word' id='word_1_356' title='bbox 961 2986 1060 3029; x_wconf 86' lang='lat' dir='ltr'><strong>leur</strong></span> <span class='ocrx_word' id='word_1_357' title='bbox 1092 2986 1223 3042; x_wconf 80' lang='lat' dir='ltr'><strong>juge-</strong></span> <span class='ocrx_word' id='word_1_358' title='bbox 1273 2988 1407 3043; x_wconf 86' lang='lat' dir='ltr'><strong>peine</strong></span> <span class='ocrx_word' id='word_1_359' title='bbox 1422 2990 1479 3031; x_wconf 84' lang='lat' dir='ltr'><strong>de</strong></span> <span class='ocrx_word' id='word_1_360' title='bbox 1492 2993 1608 3030; x_wconf 76' lang='lat' dir='ltr'><strong>mort</strong></span> <span class='ocrx_word' id='word_1_361' title='bbox 1625 2986 1780 3044; x_wconf 76' lang='lat' dir='ltr'><strong>quand</strong></span> <span class='ocrx_word' id='word_1_362' title='bbox 1795 2987 1950 3039; x_wconf 59' lang='lat' dir='ltr'><strong>me:</strong></span> <span class='ocrx_word' id='word_1_363' title='bbox 1972 2997 2030 3028; x_wconf 87' lang='lat' dir='ltr'><strong>on</strong></span> <span class='ocrx_word' id='word_1_364' title='bbox 2051 2997 2169 3029; x_wconf 85' lang='lat' dir='ltr'><strong>com·</strong></span> 
     </span>
     <span class='ocr_line' id='line_1_38' title="bbox 330 3039 1987 3095; baseline -0.001 -12"><span class='ocrx_word' id='word_1_365' title='bbox 330 3044 468 3083; x_wconf 84' lang='lat' dir='ltr'><strong>ment.</strong></span> <span class='ocrx_word' id='word_1_366' title='bbox 492 3053 513 3078; x_wconf 83' lang='lat'><strong>»</strong></span> <span class='ocrx_word' id='word_1_367' title='bbox 839 3053 844 3056; x_wconf 82' lang='grc'><em>·</em></span> <span class='ocrx_word' id='word_1_368' title='bbox 1275 3042 1417 3095; x_wconf 86' lang='lat' dir='ltr'><strong>prend</strong></span> <span class='ocrx_word' id='word_1_369' title='bbox 1436 3042 1482 3083; x_wconf 84' lang='lat' dir='ltr'><strong>la.</strong></span> <span class='ocrx_word' id='word_1_370' title='bbox 1497 3039 1716 3086; x_wconf 74' lang='lat' dir='ltr'><strong>necessite</strong></span> <span class='ocrx_word' id='word_1_371' title='bbox 1736 3041 1792 3082; x_wconf 87' lang='lat' dir='ltr'><strong>de</strong></span> <span class='ocrx_word' id='word_1_372' title='bbox 1810 3040 1987 3094; x_wconf 81' lang='lat' dir='ltr'><strong>l&#39;appel.</strong></span> 
     </span>
     <span class='ocr_line' id='line_1_39' title="bbox 385 3086 2167 3148; baseline -0.001 -15"><span class='ocrx_word' id='word_1_373' title='bbox 385 3091 430 3126; x_wconf 68' lang='lat'><strong>¹*</strong></span> <span class='ocrx_word' id='word_1_374' title='bbox 459 3091 524 3134; x_wconf 86' lang='lat' dir='ltr'><strong>Ca</strong></span> <span class='ocrx_word' id='word_1_375' title='bbox 632 3086 838 3133; x_wconf 75' lang='lat' dir='ltr'><strong>obnubito</strong></span> <span class='ocrx_word' id='word_1_376' title='bbox 857 3121 871 3144; x_wconf 93' lang='lat'><strong>,</strong></span> <span class='ocrx_word' id='word_1_377' title='bbox 901 3092 1222 3136; x_wconf 81' lang='lat' dir='ltr'><strong>sous-entendu</strong></span> <span class='ocrx_word' id='word_1_378' title='bbox 1329 3093 1376 3127; x_wconf 76' lang='lat'><strong>¹⁹</strong></span> <span class='ocrx_word' id='word_1_379' title='bbox 1404 3092 1619 3136; x_wconf 79' lang='lat' dir='ltr'><strong>Clemente</strong></span> <span class='ocrx_word' id='word_1_380' title='bbox 1641 3091 1748 3148; x_wconf 79' lang='lat' dir='ltr'><strong>le9is</strong></span> <span class='ocrx_word' id='word_1_381' title='bbox 1764 3093 2020 3147; x_wconf 76' lang='lat' dir='ltr'><strong>interprete,</strong></span> <span class='ocrx_word' id='word_1_382' title='bbox 2051 3096 2167 3133; x_wconf 81' lang='lat' dir='ltr'><strong>mot-</strong></span> 
     </span>
     <span class='ocr_line' id='line_1_40' title="bbox 333 3141 2168 3199; baseline -0.001 -11"><span class='ocrx_word' id='word_1_383' title='bbox 333 3145 480 3188; x_wconf 72' lang='lat' dir='ltr'><strong>It‘ctor.</strong></span> <span class='ocrx_word' id='word_1_384' title='bbox 533 3157 562 3186; x_wconf 89' lang='lat' dir='ltr'><strong>n</strong></span> <span class='ocrx_word' id='word_1_385' title='bbox 576 3143 725 3188; x_wconf 75' lang='lat' dir='ltr'><strong>voilait</strong></span> <span class='ocrx_word' id='word_1_386' title='bbox 739 3143 786 3186; x_wconf 70' lang='lat' dir='ltr'><strong>la</strong></span> <span class='ocrx_word' id='word_1_387' title='bbox 800 3141 893 3188; x_wconf 74' lang='lat' dir='ltr'><strong>tete</strong></span> <span class='ocrx_word' id='word_1_388' title='bbox 902 3147 983 3189; x_wconf 75' lang='lat' dir='ltr'><strong>dos</strong></span> <span class='ocrx_word' id='word_1_389' title='bbox 999 3145 1223 3189; x_wconf 78' lang='lat' dir='ltr'><strong>criminels</strong></span> <span class='ocrx_word' id='word_1_390' title='bbox 1277 3144 1429 3190; x_wconf 59' lang='lat' dir='ltr'><strong>b-mot:</strong></span> <span class='ocrx_word' id='word_1_391' title='bbox 1442 3158 1515 3189; x_wconf 78' lang='lat' dir='ltr'><strong>«se</strong></span> <span class='ocrx_word' id='word_1_392' title='bbox 1525 3148 1687 3189; x_wconf 78' lang='lat' dir='ltr'><strong>faisant</strong></span> <span class='ocrx_word' id='word_1_393' title='bbox 1700 3145 1971 3199; x_wconf 77' lang='lat' dir='ltr'><strong>l’interprete</strong></span> <span class='ocrx_word' id='word_1_394' title='bbox 1985 3144 2168 3186; x_wconf 82' lang='lat' dir='ltr'><strong>humain</strong></span> 
     </span>
    </p>
   </div>
   <div class='ocr_carea' id='block_1_4' title="bbox 335 3194 2167 3365">
    <p class='ocr_par' dir='ltr' id='par_1_4' title="bbox 335 3194 2167 3365">
     <span class='ocr_line' id='line_1_41' title="bbox 335 3194 2167 3261; baseline -0.003 -19"><span class='ocrx_word' id='word_1_395' title='bbox 335 3199 465 3254; x_wconf 88' lang='lat' dir='ltr'><strong>qu’on</strong></span> <span class='ocrx_word' id='word_1_396' title='bbox 485 3198 611 3259; x_wconf 58' lang='lat' dir='ltr'><strong>allai}</strong></span> <span class='ocrx_word' id='word_1_397' title='bbox 624 3194 734 3259; x_wconf 65' lang='lat' dir='ltr'><strong>deca</strong></span> <span class='ocrx_word' id='word_1_398' title='bbox 763 3197 861 3241; x_wconf 81' lang='lat' dir='ltr'><strong>iter.</strong></span> <span class='ocrx_word' id='word_1_399' title='bbox 1279 3199 1336 3242; x_wconf 84' lang='lat' dir='ltr'><strong>de</strong></span> <span class='ocrx_word' id='word_1_400' title='bbox 1353 3199 1398 3241; x_wconf 84' lang='lat' dir='ltr'><strong>la</strong></span> <span class='ocrx_word' id='word_1_401' title='bbox 1410 3198 1669 3249; x_wconf 50' lang='lat' dir='ltr'><strong>lobach-d.</strong></span> <span class='ocrx_word' id='word_1_402' title='bbox 1689 3210 1711 3234; x_wconf 72' lang='lat' dir='ltr'><strong>c</strong></span> <span class='ocrx_word' id='word_1_403' title='bbox 1734 3196 2028 3261; x_wconf 63' lang='lat' dir='ltr'><strong>interpretem</strong></span> <span class='ocrx_word' id='word_1_404' title='bbox 2044 3196 2091 3239; x_wconf 88' lang='lat' dir='ltr'><strong>la</strong></span> <span class='ocrx_word' id='word_1_405' title='bbox 2104 3196 2167 3238; x_wconf 88' lang='lat' dir='ltr'><strong>loi</strong></span> 
     </span>
     <span class='ocr_line' id='line_1_42' title="bbox 389 3248 2073 3314; baseline -0.003 -20"><span class='ocrx_word' id='word_1_406' title='bbox 389 3250 433 3284; x_wconf 73' lang='lat'><strong>¹⁸</strong></span> <span class='ocrx_word' id='word_1_407' title='bbox 462 3248 644 3308; x_wconf 71' lang='lat' dir='ltr'><strong>Inseltct</strong></span> <span class='ocrx_word' id='word_1_408' title='bbox 678 3261 737 3314; x_wconf 70' lang='lat' dir='ltr'><strong>ay·</strong></span> <span class='ocrx_word' id='word_1_409' title='bbox 792 3249 860 3305; x_wconf 71' lang='lat' dir='ltr'><strong>ri,</strong></span> <span class='ocrx_word' id='word_1_410' title='bbox 908 3260 932 3287; x_wconf 67' lang='grc' dir='ltr'>ε</span> <span class='ocrx_word' id='word_1_411' title='bbox 964 3251 1124 3296; x_wconf 78' lang='lat' dir='ltr'><strong>Parbre</strong></span> <span class='ocrx_word' id='word_1_412' title='bbox 1166 3252 1223 3295; x_wconf 82' lang='lat' dir='ltr'><strong>de</strong></span> <span class='ocrx_word' id='word_1_413' title='bbox 1277 3252 1389 3295; x_wconf 79' lang='lat' dir='ltr'><strong>dans</strong></span> <span class='ocrx_word' id='word_1_414' title='bbox 1405 3262 1456 3294; x_wconf 80' lang='lat' dir='ltr'><strong>ee</strong></span> <span class='ocrx_word' id='word_1_415' title='bbox 1477 3253 1634 3314; x_wconf 60' lang='lat' dir='ltr'><strong>qujelle</strong></span> <span class='ocrx_word' id='word_1_416' title='bbox 1652 3257 1771 3295; x_wconf 68' lang='lat' dir='ltr'><strong>avait</strong></span> <span class='ocrx_word' id='word_1_417' title='bbox 1789 3251 2027 3312; x_wconf 56' lang='lat' dir='ltr'><strong>d&#39;humain.</strong></span> <span class='ocrx_word' id='word_1_418' title='bbox 2048 3262 2073 3288; x_wconf 62' lang='grc' dir='ltr'><strong>ι</strong></span> 
     </span>
     <span class='ocr_line' id='line_1_43' title="bbox 335 3302 2167 3365; baseline -0.004 -16"><span class='ocrx_word' id='word_1_419' title='bbox 335 3305 547 3356; x_wconf 65' lang='lat' dir='ltr'><strong>munient,</strong></span> <span class='ocrx_word' id='word_1_420' title='bbox 568 3318 591 3344; x_wconf 68' lang='grc' dir='ltr'>ι</span> <span class='ocrx_word' id='word_1_421' title='bbox 609 3303 652 3365; x_wconf 73' lang='lat'><strong>¹0.</strong></span> <span class='ocrx_word' id='word_1_422' title='bbox 672 3305 809 3357; x_wconf 70' lang='lat' dir='ltr'><strong>gibet.</strong></span> <span class='ocrx_word' id='word_1_423' title='bbox 1331 3303 1379 3337; x_wconf 81' lang='lat'><strong>2⁰</strong></span> <span class='ocrx_word' id='word_1_424' title='bbox 1404 3304 1567 3348; x_wconf 63' lang='lat' dir='ltr'><strong>Patren</strong></span> <span class='ocrx_word' id='word_1_425' title='bbox 1593 3316 1719 3360; x_wconf 63' lang='lat' dir='ltr'><strong>jure,</strong></span> <span class='ocrx_word' id='word_1_426' title='bbox 1755 3315 1779 3340; x_wconf 66' lang='grc' dir='ltr'><strong><em>ι</em></strong></span> <span class='ocrx_word' id='word_1_427' title='bbox 1798 3305 1859 3346; x_wconf 87' lang='lat' dir='ltr'><strong>du</strong></span> <span class='ocrx_word' id='word_1_428' title='bbox 1885 3304 2004 3345; x_wconf 75' lang='lat' dir='ltr'><strong>droit</strong></span> <span class='ocrx_word' id='word_1_429' title='bbox 2029 3302 2087 3343; x_wconf 87' lang='lat' dir='ltr'><strong>de</strong></span> <span class='ocrx_word' id='word_1_430' title='bbox 2116 3310 2167 3341; x_wconf 84' lang='lat' dir='ltr'><strong>sa</strong></span> 
     </span>
    </p>
   </div>
   <div class='ocr_carea' id='block_1_5' title="bbox 333 3351 2167 3571">
    <p class='ocr_par' dir='ltr' id='par_1_5' title="bbox 333 3351 2167 3571">
     <span class='ocr_line' id='line_1_44' title="bbox 389 3351 2166 3411; baseline -0.003 -12"><span class='ocrx_word' id='word_1_431' title='bbox 389 3356 433 3390; x_wconf 76' lang='lat'><strong>1⁶</strong></span> <span class='ocrx_word' id='word_1_432' title='bbox 460 3354 739 3409; x_wconf 77' lang='lat' dir='ltr'><strong>Pomoermm,</strong></span> <span class='ocrx_word' id='word_1_433' title='bbox 769 3358 942 3401; x_wconf 73' lang='lat' dir='ltr'><strong>terrain</strong></span> <span class='ocrx_word' id='word_1_434' title='bbox 973 3356 1088 3400; x_wconf 76' lang='lat' dir='ltr'><strong>sitne</strong></span> <span class='ocrx_word' id='word_1_435' title='bbox 1123 3361 1224 3401; x_wconf 77' lang='lat' dir='ltr'><strong>tant</strong></span> <span class='ocrx_word' id='word_1_436' title='bbox 1274 3354 1648 3411; x_wconf 60' lang='lat' dir='ltr'><strong>toute-puissenoe</strong></span> <span class='ocrx_word' id='word_1_437' title='bbox 1665 3357 1925 3411; x_wconf 73' lang='lat' dir='ltr'><strong>pater-nelle.</strong></span> <span class='ocrx_word' id='word_1_438' title='bbox 1942 3369 1966 3395; x_wconf 79' lang='lat'><strong>&gt;</strong></span> <span class='ocrx_word' id='word_1_439' title='bbox 1979 3354 2045 3399; x_wconf 79' lang='lat' dir='ltr'><strong>Le</strong></span> <span class='ocrx_word' id='word_1_440' title='bbox 2058 3351 2166 3407; x_wconf 76' lang='lat' dir='ltr'><strong>pere</strong></span> 
     </span>
     <span class='ocr_line' id='line_1_45' title="bbox 335 3409 2166 3465; baseline -0.004 -12"><span class='ocrx_word' id='word_1_441' title='bbox 335 3415 446 3455; x_wconf 73' lang='lat' dir='ltr'><strong>dans</strong></span> <span class='ocrx_word' id='word_1_442' title='bbox 463 3410 697 3452; x_wconf 82' lang='lat' dir='ltr'><strong>l&#39;eneeinte</strong></span> <span class='ocrx_word' id='word_1_443' title='bbox 714 3410 842 3465; x_wconf 78' lang='lat' dir='ltr'><strong>qu&#39;au</strong></span> <span class='ocrx_word' id='word_1_444' title='bbox 859 3410 1020 3453; x_wconf 83' lang='lat' dir='ltr'><strong>dehors</strong></span> <span class='ocrx_word' id='word_1_445' title='bbox 1032 3411 1113 3452; x_wconf 81' lang='lat' dir='ltr'><strong>des</strong></span> <span class='ocrx_word' id='word_1_446' title='bbox 1128 3421 1224 3452; x_wconf 86' lang='lat' dir='ltr'><strong>mu-</strong></span> <span class='ocrx_word' id='word_1_447' title='bbox 1274 3411 1392 3453; x_wconf 78' lang='lat' dir='ltr'><strong>avait</strong></span> <span class='ocrx_word' id='word_1_448' title='bbox 1429 3410 1545 3453; x_wconf 81' lang='lat' dir='ltr'><strong>droit</strong></span> <span class='ocrx_word' id='word_1_449' title='bbox 1576 3412 1633 3454; x_wconf 83' lang='lat' dir='ltr'><strong>de</strong></span> <span class='ocrx_word' id='word_1_450' title='bbox 1665 3411 1737 3453; x_wconf 86' lang='lat' dir='ltr'><strong>vie</strong></span> <span class='ocrx_word' id='word_1_451' title='bbox 1779 3414 1828 3452; x_wconf 76' lang='lat' dir='ltr'><strong>et</strong></span> <span class='ocrx_word' id='word_1_452' title='bbox 1847 3409 1904 3451; x_wconf 84' lang='lat' dir='ltr'><strong>de</strong></span> <span class='ocrx_word' id='word_1_453' title='bbox 1938 3410 2056 3452; x_wconf 70' lang='lat' dir='ltr'><strong>mon</strong></span> <span class='ocrx_word' id='word_1_454' title='bbox 2089 3416 2166 3447; x_wconf 81' lang='lat' dir='ltr'><strong>sur</strong></span> 
     </span>
     <span class='ocr_line' id='line_1_46' title="bbox 334 3458 2167 3518; baseline -0.004 -12"><span class='ocrx_word' id='word_1_455' title='bbox 334 3460 507 3515; x_wconf 81' lang='lat' dir='ltr'><strong>railles3</strong></span> <span class='ocrx_word' id='word_1_456' title='bbox 526 3461 673 3506; x_wconf 79' lang='lat' dir='ltr'><strong>c’e&#39;talt</strong></span> <span class='ocrx_word' id='word_1_457' title='bbox 689 3475 750 3505; x_wconf 88' lang='lat' dir='ltr'><strong>un</strong></span> <span class='ocrx_word' id='word_1_458' title='bbox 768 3474 927 3517; x_wconf 86' lang='lat' dir='ltr'><strong>espace</strong></span> <span class='ocrx_word' id='word_1_459' title='bbox 952 3463 1066 3505; x_wconf 86' lang='lat' dir='ltr'><strong>libre</strong></span> <span class='ocrx_word' id='word_1_460' title='bbox 1090 3462 1221 3516; x_wconf 85' lang='lat' dir='ltr'><strong>qu’on</strong></span> <span class='ocrx_word' id='word_1_461' title='bbox 1276 3474 1347 3505; x_wconf 86' lang='lat' dir='ltr'><strong>ses</strong></span> <span class='ocrx_word' id='word_1_462' title='bbox 1379 3464 1570 3517; x_wconf 80' lang='lat' dir='ltr'><strong>entants,</strong></span> <span class='ocrx_word' id='word_1_463' title='bbox 1600 3460 1771 3518; x_wconf 70' lang='lat' dir='ltr'><strong>d’apres</strong></span> <span class='ocrx_word' id='word_1_464' title='bbox 1795 3474 1883 3505; x_wconf 87' lang='lat' dir='ltr'><strong>une</strong></span> <span class='ocrx_word' id='word_1_465' title='bbox 1909 3461 1973 3504; x_wconf 82' lang='lat' dir='ltr'><strong>loi</strong></span> <span class='ocrx_word' id='word_1_466' title='bbox 1991 3459 2048 3501; x_wconf 77' lang='lat' dir='ltr'><strong>de</strong></span> <span class='ocrx_word' id='word_1_467' title='bbox 2073 3458 2167 3501; x_wconf 83' lang='lat' dir='ltr'><strong>Ro-</strong></span> 
     </span>
     <span class='ocr_line' id='line_1_47' title="bbox 333 3514 1430 3571; baseline 0 -14"><span class='ocrx_word' id='word_1_468' title='bbox 333 3515 555 3571; x_wconf 69' lang='lat' dir='ltr'><strong>regardait</strong></span> <span class='ocrx_word' id='word_1_469' title='bbox 576 3526 743 3559; x_wconf 87' lang='lat' dir='ltr'><strong>comme</strong></span> <span class='ocrx_word' id='word_1_470' title='bbox 764 3514 901 3558; x_wconf 71' lang='lat' dir='ltr'><strong>sacre.</strong></span> <span class='ocrx_word' id='word_1_471' title='bbox 1274 3516 1430 3558; x_wconf 83' lang='lat' dir='ltr'><strong>mulus.</strong></span> 
     </span>
    </p>
   </div>
   <div class='ocr_carea' id='block_1_6' title="bbox 2478 2011 2491 3915">
    <p class='ocr_par' dir='ltr' id='par_1_6' title="bbox 2478 2011 2491 3915">
     <span class='ocr_line' id='line_1_48' title="bbox 2478 2011 2491 3915; baseline 0 0"><span class='ocrx_word' id='word_1_472' title='bbox 2478 2011 2491 3915; x_wconf 95' lang='lat' dir='ltr'><strong> </strong></span> 
     </span>
    </p>
   </div>
  </div>
 </body>
</html>
