2525 3984
956 190 1535 289 NARRATiONES.1
1652 238 1657 243 ·
1688 222 1711 277 ·,
2084 226 2152 283 11

310 349 603 423 dominus,
634 344 845 427 inquit,
883 363 1128 405 messem
1150 343 1221 407 ad
1254 346 1468 407 amicos
1490 346 1697 428 rejicit,
1734 347 1979 419 crastino
2009 370 2163 429 seges

307 448 428 489 non
456 434 739 502 metetur),
769 443 953 505 neque
974 444 1199 486 necesse
1220 433 1307 486 est
1324 425 1496 487 hodie
1510 427 1598 487 uti
1624 447 1721 487 vos
1748 429 2025 488 auferam.
2046 450 2075 486 n

399 507 495 568 L'ie
528 504 706 587 igitur
739 512 999 585 postero,
1043 511 1227 565 mater
1253 504 1316 565 in
1351 505 1626 586 pabulum
1653 507 1821 568 volat.
1860 506 2162 581 Dominus,

314 607 455 669 quos
478 592 795 667 rogaverat„
816 604 889 675 op
930 583 1111 644 eritur
1121 597 1143 661 3
1173 585 1255 645 sol
1277 584 1467 661 fervit,
1491 592 1546 646 et
1580 586 1645 646 fit
1678 585 1823 646 nihil
1849 604 1865 647 ε
1904 594 1961 647 et
1993 586 2163 649 amici

314 666 456 728 nulli
480 672 663 727 erant.
682 665 838 724 Tum
854 665 895 724 11
918 684 949 724 e
969 683 1202 725 rursum
1217 663 1289 725 ad
1311 665 1532 726 filium:
1566 664 1795 726 «Amici
1818 665 1938 741 isti,
1953 664 2163 746 inquit,

315 765 583 827 magnam
625 751 845 824 partem
884 751 1188 805 cessatores
1228 752 1385 804 sunt.
1430 746 1585 817 Quin
1661 744 1848 825 potius
1883 744 2035 807 imus
2053 789 2074 819 ,
2110 755 2168 808 et

315 833 581 906 cognatos
619 823 815 886 affines
853 843 926 884 ue
967 831 1024 883 et
1056 821 1272 884 vicinos
1305 833 1528 884 nostros
1562 844 1791 885 oramus
1808 869 1828 899 ,
1869 833 1941 885 ut
1982 824 2169 890 adsint

316 925 441 966 cras
475 901 757 986 tempori⁷
896 901 1250 964 metendum.
1270 925 1301 962 n
1338 902 1543 965 Itidem
1576 905 1686 966 hoc
1719 904 1858 986 pulli
1896 907 2165 985 pavefacti

318 981 491 1046 matri
513 981 801 1043 nuntiant.
827 982 1007 1043 Mater
1023 983 1287 1043 hortatur
1307 991 1373 1044 ut
1394 990 1519 1045 tum
1620 1004 1764 1065 oque
1785 983 1904 1045 sine
1924 992 2084 1046 metu
2103 1005 2170 1049 ac

318 1063 440 1124 sine
460 1082 599 1124 cura
624 1060 739 1122 sint
769 1079 787 1123 τ
826 1070 1091 1142 cognatos
1121 1062 1431 1144 affinesque
1463 1065 1564 1124 nul
1589 1083 1649 1124 os
1680 1066 1862 1124 ferme
1899 1072 2016 1124 tam
2050 1084 2167 1129 csse

320 1140 721 1225 obsequibiles,
743 1148 809 1201 ut
829 1140 900 1202 ad
928 1140 1181 1203 laborem
1204 1141 1614 1223 capessendum
1635 1142 1776 1204 nihil
1810 1151 2170 1221 cunctentur,

321 1231 377 1283 et
410 1221 604 1283 statim
624 1220 776 1282 dicto
814 1219 1102 1282 obediant.
1142 1243 1174 1281 α
1195 1223 1306 1283 Vos
1326 1221 1523 1298 mode,
1559 1221 1746 1304 inquit
1762 1265 1783 1298 ,
1818 1222 2090 1283 advenite
2124 1225 2167 1285 si

322 1301 491 1363 modo
512 1298 650 1383 quid
678 1299 865 1377 denuo
884 1299 1127 1362 dicetur.
1146 1323 1177 1360 n
1206 1300 1334 1363 Alia
1360 1302 1487 1364 luce
1514 1310 1662 1378 orta,
1698 1301 1815 1363 avis
1851 1301 1911 1362 in
1946 1310 2168 1383 pastum

324 1382 574 1462 profecta
605 1387 713 1441 est.
764 1379 1001 1462 Cognati
1037 1389 1095 1442 et
1128 1380 1327 1442 affines
1361 1401 1595 1462 operam
1622 1401 1797 1463 quam
1824 1380 1959 1442 dare
1991 1382 2169 1472 rogati

324 1469 457 1521 sunt
496 1459 956 1541 supersederunt.
995 1460 1083 1521 Ad
1116 1467 1471 1542 postremum
1506 1459 1685 1540 igitur
1716 1461 1983 1522 dominus
2012 1461 2170 1522 fiho:

330 1540 635 1619 «Valeant,
658 1537 872 1621 inquit,
891 1537 1062 1600 amici
1080 1558 1216 1609 cum
1235 1539 1592 1629 propinquiS.
1611 1540 1824 1600 Afferes
1844 1539 2029 1619 prima
2052 1540 2175 1602 luce

322 1619 493 1680 falces
514 1618 658 1678 duas
682 1634 699 1678 ε
724 1636 904 1677 unam
926 1625 1151 1697 egomet
1172 1617 1344 1692 mihi,
1380 1625 1436 1678 et
1468 1625 1531 1677 tu
1566 1615 1666 1677 tibi
1693 1617 1878 1699 capies
1900 1619 2176 1697 alterams.

322 1707 381 1758 et
408 1699 768 1757 frumentum
798 1694 1039 1756 nosmeti
1083 1695 1130 1756 si
1152 1696 1420 1757 manibus
1441 1695 1648 1757 nostris
1669 1716 1793 1758 cras
1821 1705 2121 1758 metemus.
2140 1720 2171 1758 n

326 1777 389 1836 ld
412 1775 513 1837 ubi
534 1795 603 1836 ex
623 1774 794 1855 pullis
814 1774 1021 1836 dixisse
1081 1774 1345 1837 ominum
1365 1783 1551 1837 mater
1571 1774 1786 1836 audivit
1811 1794 1827 1838 ε
1859 1798 1890 1834 «
1905 1779 2153 1856 Tempus
2158 1823 2178 1854 ,

324 1854 514 1937 inquit
529 1898 552 1931 ,
580 1862 668 1915 est
700 1853 934 1915 cedendi
971 1862 1028 1916 et
1061 1854 1308 1916 abeundi
1335 1873 1352 1917 :
1391 1854 1488 1916 fiet
1514 1875 1668 1916 nunc
1685 1899 1706 1931 ,
1742 1854 1916 1919 dubio
1944 1857 2178 1938 procul,

328 1935 478 2016 quod
513 1935 776 1995 futurum
811 1932 974 1994 dixit.
1015 1936 1081 1995 In
1107 1933 1233 2016 ipso
1268 1935 1425 1996 enim
1453 1934 1575 2016 jam
1598 1935 1873 1996 vertitur⁸
1903 1936 2066 2017 cuja⁹
2096 1946 2180 1999 est

329 2030 456 2091 res;
500 2034 615 2075 non
651 2012 712 2073 in
748 2013 858 2074 alio
876 2058 897 2090 ‚
926 2013 1078 2074 unde
1100 2011 1335 2094 petitur.
1360 2037 1390 2074 »
1420 2017 1606 2096 Atque
1641 2012 1721 2075 ita
1748 2014 1948 2077 cassita
1976 2015 2178 2078 nidum

328 2090 597 2174 migravit
612 2093 678 2152 ¹⁰.
717 2093 887 2174 Seges
921 2113 955 2155 a
997 2092 1231 2155 domino
1274 2094 1532 2156 demessa
1574 2104 1677 2155 est.
1711 2116 1740 2154 n
1798 2095 1973 2174 (Αυι.
2011 2095 2177 2171 Gn„

329 2177 425 2233 lib.
453 2193 515 2249 11,
549 2194 672 2251 cap.
697 2173 825 2251 29.)
1964 2194 1972 2200 ·

566 2478 770 2550 9.-[Ε
832 2477 1256 2534 capranna
1318 2479 1396 2534 nt
1464 2477 1947 2534 resumens.

393 2598 427 2641 n
442 2596 566 2654 s'agit
591 2598 699 2641 dans
725 2597 768 2641 la
796 2597 1024 2641 narrationi
1054 2598 1251 2641 suivante
1285 2597 1414 2642 d’une
1442 2597 1642 2655 peinture
1672 2598 1748 2641 des
1777 2609 1939 2641 moeurs
1967 2593 2132 2652 privees

770 2655 795 2698 ὲ
815 2656 950 2699 Rome
970 2656 1032 2699 du
1051 2663 1190 2712 temps
1209 2656 1263 2699 de
1288 2655 1548 2713 l'empereur
1567 2653 1744 2709 Trajan.
2165 2663 2168 2666 ’

414 2761 615 2821 Assem
634 2761 831 2840 para1,
853 2766 909 2820 et
928 2757 1121 2840 accipe
1139 2763 1374 2836 auream
1395 2757 1648 2819 fabulam
1659 2760 1706 2832 ²,
1729 2756 1947 2818 fabulas
1969 2755 2150 2819 immo
2161 2774 2184 2837 3

387 2888 412 2924 ‘1
445 2888 681 2945 Temperi.
719 2901 837 2943 pour
869 2888 1154 2947 tempestive,
1184 2889 1236 2932 in
1289 2891 1635 2945 improprement
1660 2903 1671 2933 z
1692 2901 1715 2954 ς
1733 2895 1877 2934 sortez
1903 2902 1956 2935 ce
1972 2891 2142 2947 cheval,
2161 2907 2185 2932 ι

340 2945 634 3052 ”wifam
666 2995 871 3050 σφεων
899 3007 994 3049 m,
1029 3007 1054 3033 .
1080 2992 1238 3039 daor-
1289 2945 1812 3050 Essffi‘vfssiffisseff‘ftffi
1838 2945 2012 3041 Ἧῖἐε
2034 2950 2188 3043 ἓὲἷῖἓῗ

340 3049 451 3091 mass
483 3054 582 3112 tout
623 3052 769 3102 porte,
805 3053 904 3092 tout
933 3050 1058 3094 reule
1093 3061 1168 3092 sur
1192 3049 1237 3092 le
1290 3054 1408 3094 cette
1424 3051 1618 3103 voiture;
1638 3047 1760 3093 Aller
1776 3062 2059 3104 promener‚>
2077 3062 2190 3105 pour

339 3100 494 3144 maitre
511 3099 754 3161 lui-meme.
785 3117 807 3162 ξ
1293 3114 1316 3140 e
1334 3103 1446 3147 aller
1461 3115 1509 3147 se
1526 3114 1776 3157 promener,
1795 3118 1818 3143 2
1844 3109 1930 3147 etc.
1956 3101 2074 3148 O’est
2098 3115 2188 3148 une

387 3153 417 3187 >⁹
448 3153 513 3197 Cu
539 3165 581 3207 a,
602 3165 715 3208 pour
730 3165 858 3210 cujus
1290 3154 1486 3199 locution
1523 3167 1769 3210 gasconne‚
1803 3161 1956 3199 contre
1994 3157 2188 3210 laquelle

397 3206 440 3240 1⁰
516 3205 643 3250 idum
655 3206 886 3269 muravit,
906 3220 949 3262 p.
969 3206 1060 3250 alib
1081 3206 1239 3250 nidum
1292 3208 1514 3263 Vaugelas
1530 3213 1742 3262 proteste.
1783 3207 1966 3261 (Remar
1998 3221 2076 3251 uec
2106 3219 2188 3252 sur

345 3262 667 3316 transportans
692 3260 919 3317 migramt.
951 3260 1017 3303 Le
1048 3261 1241 3315 change·
1294 3260 1342 3304 la
1360 3260 1524 3319 langue
1541 3259 1784 3316 fram-aiae,
1803 3266 1836 3304 t.
1857 3274 1891 3314 ι,
1909 3275 1953 3317 p.
1991 3260 2077 3314 74.)

343 3317 467 3354 ment
483 3314 544 3356 du
557 3313 694 3356 verbe
710 3318 868 3356 neutre
885 3325 942 3355 en
958 3314 1093 3357 verbe
1117 3319 1240 3356 tran-
1344 3314 1481 3358 9.-1
1499 3313 1660 3357 Assem
1679 3325 1814 3368 para.
1835 3313 2014 3358 Comme
2033 3327 2090 3356 on
2109 3316 2188 3358 fait

342 3365 440 3407 sitit
458 3366 575 3409 n’est
624 3377 674 3408 as
690 3377 795 3410 sans
817 3366 1018 3419 exemple
1043 3378 1101 3409 en
1124 3368 1238 3410 latin
1291 3379 1403 3422 pour
1433 3379 1494 3411 un
1518 3367 1754 3411 chax-letan
1790 3368 1865 3419 qui
1899 3380 1926 3410 a
1959 3368 2118 3410 diverti
2144 3367 2188 3408 le

345 3417 409 3469 (V-
437 3415 571 3462 Com.
633 3416 758 3472 epos,
776 3417 1236 3472 Atticus,1130icer.,
1291 3421 1455 3474 pubIIc.
1483 3419 1584 3463 L'as
1600 3419 1735 3464 vnlait
1769 3422 1951 3463 environ
1982 3422 2008 3461 5
2041 3420 2187 3461 centi-

345 3469 401 3513 de
433 3472 604 3527 Arusp.
639 3482 874 3527 respons„
896 3482 986 3514 xxv
1014 3484 1027 3525 ς
1055 3472 1167 3514 mais
1205 3472 1239 3516 il
1292 3484 1400 3517 mes.
2085 3518 2094 3528 ,

344 3525 438 3566 saut
471 3523 566 3566 s'en
612 3523 766 3566 defier.
810 3522 929 3568 G'est
1037 3525 1077 3567 si
1109 3524 1239 3578 qu'en
1349 3525 1371 3558 ²
1400 3525 1586 3570 Auream
1612 3519 1841 3580 fabulam,
1883 3533 1905 3557 ‹
1931 3532 2018 3582 uxi-e
2050 3519 2188 3559 histo·

346 3578 541 3632 πυραῖς
558 3588 617 3620 on
643 3588 671 3618 a
699 3577 766 3618 dit
787 3576 1054 3635 longtemps,
1084 3583 1133 3619 et
1157 3589 1242 3631 que
1295 3579 1429 3621 riette
1451 3577 1695 3631 pre'cieuse‚
1712 3575 1893 3625 unique,
1926 3583 1999 3621 (11²¹
2017 3572 2120 3611 Vaut
2136 3569 2194 3608 <¹0

344 3629 568 3673 cei-taines
601 3635 848 3683 per-sennes
892 3631 1040 3673 disent
1081 3641 1242 3673 encore
1296 3631 1434 3683 l'or.»
1458 3634 1732 3680 (φαςμὴ-δίκε
1754 3643 1776 3668 «t
1794 3622 2057 3678 impayable.
2084 3636 2105 3657 '
