2525 3984
242 191 366 251 220
895 180 1446 253 NARRATIONES.

259 349 289 386 (ι
326 327 556 388 Habetis
593 345 725 406 ergo
759 322 1093 387 temeritatis
1132 322 1287 386 illius
1319 322 1674 399 mercedem3
1715 343 1828 403 quo
1866 320 2010 385 duce
2039 337 2094 387 et

251 415 479 467 auctom
505 426 622 466 non
652 402 983 486 reliquistiS‚
1008 403 1079 465 ab
1112 424 1179 466 eo
1217 403 1325 494 ipsi
1363 402 1543 463 relicti
1573 402 1701 463 estis
1735 419 1752 462 ε
1783 409 1840 463 et
1869 410 2092 466 tantum

250 485 578 546 animorum
604 484 664 545 in
684 483 804 545 dies
824 482 987 544 nobis
1012 483 1282 545 decrescit
1299 527 1319 558 ‚
1347 489 1434 558 ut,
1457 481 1525 542 ad
1549 501 1744 562 quem,
1766 489 1896 543 ante
1918 503 2094 545 annos

248 563 654 645 septemdecim
667 566 738 640 θ’,
768 562 1077 624 exercitum
1110 571 1166 624 et
1200 563 1434 624 classem
1467 560 1804 637 habentem,
1839 561 2092 626 tribunos

249 643 429 725 plebis
444 647 489 681 ⁸³
531 643 865 723 aedilemque
913 641 974 702 in
1016 641 1269 702 Siciliam
1313 640 1538 701 mittere
1572 640 1698 703 ausi
1733 662 1965 719 sumus,
1992 644 2091 726 qui

251 724 663 803 prehenderent
684 741 819 783 eum
836 765 857 796 ,
881 728 939 783 et
964 722 1209 783 Romam
1234 719 1604 796 reducerent,
1630 721 1700 782 ad
1728 741 1862 782 eum
1893 721 2089 802 priva-

250 811 379 864 tum
401 822 470 863 ex
487 801 622 863 villa
650 821 754 862 sua
779 799 1212 875 extrahendum,
1236 799 1308 862 ad
1335 819 1564 863 causam
1595 799 1916 877 dicendam,
1947 801 2089 862 mit-

250 891 368 942 tere
390 902 506 942 non
531 879 865 942 audeamus.
900 902 932 939 »

331 958 572 1021 Tribuni
607 958 782 1040 plebis
818 957 1080 1039 appellati
1095 959 1144 996 ⁸*
1183 958 1255 1020 ab
1296 961 1364 1020 L.
1409 958 1670 1040 Scipione
1705 962 1786 1021 ita
1823 960 2091 1022 decreve-

251 1047 386 1100 runt
421 1057 438 1100 ε
476 1061 508 1098 ε(
544 1037 606 1099 Si
645 1038 832 1099 morbi
871 1058 1042 1100 causa
1080 1045 1462 1114 excusaretur,
1502 1038 1609 1099 sibi
1655 1041 1874 1119 placere
1914 1041 2089 1122 accipi

247 1138 378 1180 eam
420 1118 734 1194 causam⁸⁸‚
779 1117 1044 1198 diemque
1085 1138 1121 1179 a
1163 1119 1303 1179 colle
1342 1117 1388 1178 's
1429 1117 1667 1199 prodici.
1715 1141 1745 1179 2>
1804 1119 2090 1181 Tribunus

251 1197 430 1278 plebis
450 1217 516 1257 eo
536 1206 651 1258 tem
694 1214 790 1258 ore
816 1198 884 1257 T.
917 1197 1284 1286 Sempronius
1355 1198 1593 1258 racchus
1613 1206 1755 1274 erat,
1781 1196 1870 1259 cui
1899 1197 2092 1258 inimi-

249 1276 399 1337 citioe
412 1276 459 1313 ⁸⁶
487 1296 621 1337 cum
654 1218 721 1336 g.
754 1274 1014 1355 Scipione
1048 1276 1487 1337 intercedebant.
1523 1279 1602 1351 ls,
1628 1297 1807 1357 quum
1827 1277 2091 1338 vetuisset

251 1376 462 1417 nomen
503 1375 673 1416 suum
710 1355 932 1416 decreto
973 1355 1317 1436 collegarum
1355 1355 1636 1431 adscribi,
1674 1355 2090 1438 tristioremque

249 1455 447 1495 omnes
498 1433 835 1495 sententiam
876 1442 1297 1514 exspectarent,
1343 1434 1422 1495 ita
1467 1434 1712 1495 decrevit
1757 1453 1773 1495 ε
1825 1456 1856 1493 (ι
1895 1437 2092 1509 Quum

259 1515 326 1574 L.
359 1513 547 1594 Scipio
572 1522 797 1575 excuset
822 1513 1092 1575 morbum
1112 1533 1231 1574 esse
1258 1533 1489 1575 causam
1519 1512 1703 1590 fratri,
1732 1512 1865 1576 satis
1897 1513 1956 1574 id
1985 1513 2090 1576 sibi

250 1592 451 1654 videri.
483 1594 554 1654 Se
571 1595 636 1653 P.
662 1593 1009 1674 Scipionem,
1032 1592 1365 1675 priusquam
1387 1594 1630 1654 Romam
1651 1593 1908 1670 redisset,
1929 1614 2092 1655 accu-

251 1673 361 1734 sari
398 1694 513 1734 non
554 1691 855 1754 passurum
870 1688 891 1750 3
932 1680 1058 1733 turn
1090 1692 1347 1754 quoque,
1376 1672 1422 1732 si
1450 1693 1508 1732 se
1535 1674 1858 1752 appellet⁸⁷,
1886 1672 2090 1734 auxilio

247 1751 302 1812 ei
324 1753 609 1828 futurum,
631 1772 703 1813 ne
738 1772 967 1814 causam
994 1751 1165 1813 dicat.
1194 1751 1284 1813 Ad
1305 1750 1364 1813 id
1383 1751 1508 1813 fasti
1551 1750 1673 1811 ium
1705 1753 1874 1813 rebus
1901 1752 2090 1841 gestiS,

251 1831 563 1894 honoribus
585 1831 781 1912 populi
802 1829 1057 1907 romani,
1077 1832 1142 1891 P.
1168 1830 1493 1910 Scipionem
1513 1771 1749 1892 {eorum
1766 1831 2092 1891 hominum-

245 1931 361 1990 que
390 1931 665 1973 consensu
692 1911 1032 1990 pervenisse,
1058 1918 1125 1972 ut
1153 1910 1258 1971 sub
1285 1910 1481 1972 rostris
1502 1929 1665 1971 reum
1686 1917 1854 1984 stare,
1875 1917 1931 1970 et
1951 1929 2092 1989 prae-

252 1989 385 2050 bere
418 2010 581 2051 aures
607 1989 1044 2052 adolescentium
1082 1988 1373 2066 conviciis,
1407 1990 1617 2071 populo
1643 2008 1877 2050 romano
1912 1988 2092 2068 magis

251 2067 527 2144 deforme,
550 2089 724 2159 quam
744 2068 851 2150 ipsi
872 2070 964 2131 sit.
996 2092 1027 2129 »
1062 2068 1284 2153 Adjecit
1303 2068 1527 2131 decreto
1548 2067 2088 2150 indignationem³⁸z

260 2168 293 2205 t(
320 2148 439 2208 Sub
538 2147 701 2208 dibus
726 2148 926 2211 vestris
957 2147 1163 2224 stabit,
1200 2147 1454 2224 tribuni,
1489 2147 1737 2208 domitor
1761 2148 1857 2210 ille
1890 2145 2091 2208 Afrieae

253 2225 443 2307 Scipio
458 2168 638 2288 ⁴{Rideo
670 2235 910 2308 quatuor
936 2227 1318 2288 nobilissimos
1343 2227 1514 2288 duces
1541 2229 1846 2288 Poenorum
1878 2225 1939 2287 in
1965 2225 2094 2286 His-

253 2304 444 2385 pania,
552 2312 716 2367 atuor
747 2306 1020 2369 exercitus
1059 2306 1206 2367 fudit
1232 2305 1588 2387 fugavitque,
1625 2304 1750 2365 ideo
1777 2305 2090 2386 Syphacem

249 2384 434 2464 cepit,
528 2384 815 2447 nnibalem
853 2384 1087 2462 devicit,
1128 2384 1528 2466 Carthaginem
1563 2382 1891 2464 vectigalem
1929 2383 2092 2469 nohis

254 2464 385 2524 fecit
398 2509 419 2540 ‚
457 2462 805 2527 Antiochum
841 2465 1074 2545 (recepit
1108 2464 1265 2525 enim
1301 2466 1537 2525 fratrem
1573 2481 1890 2524 consortem
1923 2462 2094 2544 hujus

251 2542 446 2622 gloriae
470 2545 537 2604 L.
569 2542 779 2625 Scipio)
799 2546 950 2605 ultra
978 2544 1150 2605 Tauri
1174 2544 1313 2624 juga
1332 2543 1577 2618 emovit,
1597 2551 1664 2603 ut
1689 2542 1910 2604 duobus
1936 2542 2097 2604 Peti-

254 2622 345 2683 liis
390 2623 823 2698 succumberet,
863 2644 961 2685 vos
992 2622 1064 2684 de
1098 2624 1164 2682 P.
1206 2622 1474 2684 Africano
1513 2621 1763 2700 palmam
1791 2621 2094 2701 peteretis?

256 2701 510 2763 Nullisne
532 2701 732 2764 vestris
777 2703 1088 2764 honoribus
1127 2721 1383 2782 unquam
1421 2699 1484 2761 in
1529 2719 1717 2761 arcem
1758 2707 1941 2760 tutam
1954 2700 2002 2735 ⁸⁹
2044 2708 2097 2759 et

308 2851 355 2886 δ’
382 2852 502 2897 Anu
526 2865 668 2897 annos
696 2853 1009 2910 septemdecim.
1027 2855 1143 2908 Voy.

256 2917 315 2948 au
335 2907 444 2949 livre
461 2917 584 2958 xm,
602 2909 671 2959 20,

311 2957 357 2992 8⁸
389 2956 613 3001 Tribunos
646 2956 724 3013 ple
758 2958 811 3001 ἐ.
848 2958 935 3005 Ges
974 2961 1148 3004 tribune

258 3011 319 3053 du
374 3012 519 3106 efflue,
548 3012 624 3064 qui
650 3013 828 3054 avaient
853 3010 926 3056 eth
954 3011 1150 3065 envoyes

256 3074 315 3106 en
368 3064 384 3105 i
444 3076 470 3106 e
501 3063 587 3106 l’an
617 3064 674 3106 de
700 3063 842 3107 Rome
867 3065 962 3113 548,
981 3077 1150 3108 comme

257 3117 580 3160 commissaires
615 3117 1004 3170 extraordinaires,
1039 3130 1151 3173 pour

257 3167 556 3212 controlerles
567 3173 687 3213 actes
696 3169 753 3214 de
765 3168 944 3225 Scipion
980 3170 1153 3214 etaient

256 3220 320 3285 ld.
355 3219 565 3286 Claudius
595 3222 846 3277 Marcellus,
876 3227 923 3266 et
949 3202 1014 3268 M
1048 3223 1156 3269 Gin-

259 3285 353 3318 mus
371 3274 634 3319 Alimentus.

312 3326 359 3361 ⁸¹·
391 3327 576 3372 Tribuni
628 3327 734 3373 lehis
761 3328 1028 3386 welleii...
1047 3333 1152 3382 etc„

262 3394 285 3418 c
300 3381 368 3424 les
382 3388 529 3425 autres
543 3384 598 3424 tri
628 3395 712 3426 uns
728 3384 789 3426 du
796 3383 957 3444 peuple
972 3381 1068 3436 (par
1076 3394 1157 3437 op-

259 3435 453 3485 position
476 3433 505 3477 a
516 3447 627 3479 ceux
643 3436 717 3491 qui
727 3434 840 3478 diem
851 3434 1075 3487 amram)
1085 3437 1156 3478 in-

261 3485 439 3550 voques,
450 3487 657 3541 implores
673 3500 755 3559 par
763 3487 815 3531 L.
830 3487 1029 3540 Scipion.
1039 3500 1063 3525 ι
1082 3485 1152 3531 On

293 3545 439 3597 puvait
456 3552 483 3583 a
512 3543 635 3595 pelei·
649 3543 679 3583 d
689 3553 751 3583 un
765 3541 914 3583 tribun
930 3538 959 3581 ὲ,
974 3551 1047 3582 ses
1063 3540 1155 3583 col-

280 3599 429 3642 egues.
454 3554 584 3647 (δοῖ.
600 3592 696 3638 Cic.
711 3599 800 3634 vro
818 3590 991 3640 Quint..
1005 3592 1048 3640 7,
1064 3592 1150 3646 20.)

1257 2854 1304 2888 ⁸⁸
1335 2852 1452 2898 Eam
1490 2864 1703 2901 causam,
1746 2863 1769 2889 ε
1805 2856 1922 2896 cette
1969 2863 2098 2896 exeu-

1205 2919 1317 2993 ⁸⁶33
1337 2959 1420 3003 cui
1452 2959 1706 3013 inimicitia,
1748 2963 1833 3002 eto.
1876 2958 1917 3000 11
1942 2961 2100 3005 :niven

1205 3025 1296 3056 une
1316 3017 1442 3056 autre
1459 3012 1581 3067 ligne
1635 3013 1834 3067 olitique.

1261 3064 1308 3101 ³⁷
1334 3063 1388 3108 Si
1413 3076 1459 3107 ee
1489 3077 1605 3120 appe
1627 3065 1698 3119 let,
1734 3078 1758 3103 ε
1779 3065 1848 3109 s’il
1881 3066 2001 3109 avait
2026 3077 2098 3109 re·

1181 3149 1186 3155 -
1209 3129 1337 3162 court
1358 3116 1387 3162 ὰ
1403 3129 1485 3160 son
1503 3118 1760 3161 assistance.
1777 3131 1801 3156 υ

1263 3169 1310 3204 38
1335 3168 1516 3224 Adjecit
1533 3169 1704 3213 decreto
1722 3169 2097 3226 indiynationem.

1208 3221 1380 3288 ‹oapi-es
1402 3224 1523 3293 avoir
1539 3222 1724 3288 toi-mule
1743 3235 1825 3266 son
1844 3222 1987 3268 dim-et
2013 3254 2026 3274 ,
2058 3223 2096 3266 il

1205 3277 1476 3374 ἓᾶἳεῗξὲἓ
1501 3276 1810 3373 «ἷὲτέἳέὲιμξᾱ
1825 3276 2103 3372 ἐξὲοἳῗιᾚῑ

1240 3395 1291 3426 α
1319 3383 1568 3426 seulement
1593 3395 1679 3426 aux
1705 3387 1827 3424 actes
1854 3381 1913 3423 du
1944 3379 2099 3432 aenatz

1224 3448 1276 3479 es
1301 3437 1522 3480 decisione
1539 3437 1620 3479 dea
1644 3435 1816 3477 triburis
1842 3437 1890 3475 et
1917 3433 1974 3476 de
2004 3432 2100 3488 plu-

1207 3490 1351 3532 sieurs
1369 3493 1515 3532 autres
1531 3487 1781 3541 magistrats
1807 3488 2034 3538 poi-taient
2054 3485 2099 3529 le

1206 3540 1574 3638 mggmlssogfcem
1597 3595 1751 3646 tutam,
1784 3605 1894 3648 pout
1911 3591 1963 3637 in
1988 3600 2104 3636 secu-
