2525 3984
315 233 387 291 10
958 227 1258 287 NARRAT
1266 226 1510 289 lONES.

309 356 450 418 ria¹¹
478 359 763 438 repetisse.
796 355 1169 418 Confluebant
1188 355 1260 418 ad
1286 357 1672 437 spectaculum
1709 375 1906 416 omnes
1942 358 2153 437 magis·

311 444 512 511 tratus,
533 455 780 516 quorum
800 435 1043 496 adventu
1070 442 1125 496 et
1159 455 1322 497 mora
1335 438 1381 473 ¹²
1402 434 1628 497 modica
1653 435 1970 516 respublica
1991 434 2151 498 novis

308 514 630 595 sumptibus
648 513 1010 576 atterebatur.
1049 516 1340 576 Postremo
1367 516 1523 577 locus
1555 514 1675 605 ipse
1784 513 1953 575 ietem
1988 534 2150 576 suam

308 602 586 654 secretum
666 613 697 654 e
736 593 1024 674 perdebat.
1067 593 1287 656 Placuit
1321 595 1536 656 occulte
1576 601 1725 654 inter
1745 592 1817 654 ici
1834 638 1855 669 ,
1892 592 1958 656 ad
1998 594 2148 674 quod

307 613 790 752 coibaturfffms.
817 693 1067 749 saeuum,
1096 693 1178 750 rx,
1207 679 1367 751 epist.
1394 674 1519 750 33.)
1884 682 1895 692 ’

895 826 900 833 ·

730 972 1223 1029 8.-1.‘n1.ouHTt
1260 974 1334 1029 ΕΤ
1372 975 1467 1030 8ξὸ
1505 975 1730 1030 Perus.

308 1105 368 1146 En
388 1113 645 1160 comparant
664 1112 772 1147 cette
791 1103 909 1148 fable
924 1103 949 1147 δ
978 1103 1083 1147 celle
1112 1104 1165 1148 de
1190 1104 1247 1147 La
1266 1104 1477 1147 Fonteiae
1496 1104 1587 1160 (liv.
1606 1115 1671 1155 xv,
1692 1102 1785 1159 fab.
1804 1101 1896 1158 22),
1919 1116 1975 1145 on
1996 1117 2152 1147 recon-

469 1163 608 1203 nattra
631 1160 879 1204 facilement
906 1170 1024 1205 toute
1048 1160 1091 1204 la
1109 1161 1366 1218 superior-ite
1393 1163 1445 1205 de
1468 1170 1594 1204 notre
1617 1161 1752 1216 grand
1777 1159 1999 1207 fabuliste.

387 1300 627 1379 AEsopus
645 1298 830 1381 lepide
849 1307 907 1360 at
987 1319 1018 1360 e
1047 1299 1302 1380 jucunde
1323 1306 1659 1380 praemonet,
1682 1317 1841 1379 spem
1861 1297 2152 1358 fiduciam-

306 1397 417 1458 que
438 1397 659 1453 rerum,
692 1398 830 1468 quas
852 1398 882 1439 e
948 1397 1072 1440 cere
1093 1378 1221 1461 quis
1249 1378 1447 1460 possit,
1476 1377 1630 1439 haud
1647 1396 1902 1458 unquam
1935 1376 1996 1437 in
2016 1376 2152 1452 alio,

308 1455 404 1517 sed
444 1455 506 1515 in
540 1465 840 1538 semetipso
873 1457 1214 1520 habendam.
1258 1456 1532 1533 Avicula,
1569 1455 1793 1548 inquit,
1835 1465 1920 1517 est
1960 1476 2150 1536 parva.

313 1537 529 1596 Nomen
560 1542 644 1597 est
678 1535 899 1599 cassita.
941 1537 1172 1599 Habitat
1205 1536 1499 1598 nidulatur
1537 1556 1609 1597 ue
1644 1556 1705 1596 1n
1740 1535 2021 1617 segetibus
2039 1580 2059 1610 ,
2098 1534 2152 1595 id

308 1615 487 1676 ferme
507 1614 803 1697 temporis,
827 1624 892 1677 ut
906 1623 1132 1698 appetat
1148 1620 1166 1655 ¹
1190 1615 1416 1692 messis,
1438 1557 1610 1696 pdllis
1626 1614 1868 1696 jamjam
1892 1615 2156 1695 pluman-

308 1692 481 1755 tibus.
519 1695 603 1756 Ea
637 1694 838 1757 cassita
871 1694 932 1757 in
960 1704 1239 1759 sementes
1266 1695 1412 1758 forte
1433 1698 1822 1776 congesserat¹
1852 1693 2154 1773 tempesti-

312 1771 490 1834 viores
503 1775 548 1834 ⁸.
588 1776 930 1856 Propterea,
967 1774 1270 1837 frumentis
1303 1773 1732 1836 flavescentibus
1748 1818 1769 1850 ,
1851 1771 1951 1833 ulli
1982 1772 2153 1834 etiam

309 1859 444 1913 tunc
465 1851 817 1915 involucres*
839 1862 1021 1915 erant.
1060 1854 1254 1927 Quum
1288 1852 1467 1914 icitur
1485 1851 1608 1933 ipsa
1640 1851 1748 1915 iret
1769 1795 1963 1912 cilbum
1986 1851 2154 1942 pullis

307 1930 609 2011 quaesitum
627 1976 647 2008 ,
670 1941 865 1993 monet
891 1952 984 1994 eos
1006 1941 1071 1993 ut
1089 1978 1107 2008 ,
1142 1933 1188 1994 si
1212 1902 1349 2015 quid
1371 1932 1450 1992 ibi
1480 1931 1560 1993 rei
1585 1951 1740 1995 novae
1764 1933 1924 1992 fieret
1943 1931 2155 1991 dicere·

310 2020 493 2072 tui-ve.
515 2008 1049 2088 animadverterent,
1072 2011 1241 2094 idque
1262 2012 1348 2072 uti
1371 2010 1504 2087 sibi,
1525 2011 1625 2071 ubi
1649 2010 1906 2081 redisset,
1928 2009 2155 2071 nuntia-

311 2097 454 2148 rent.
479 2090 757 2150 Dominus
818 2098 970 2151 ostea
1003 2100 1258 2171 segetum
1281 2091 1510 2152 illarum
1526 2090 1716 2152 'filium
1744 2090 2153 2151 adolescentem

310 2175 500 2242 vocat,
524 2175 580 2228 et
609 2185 626 2228 τ
659 2167 770 2229 «vi
813 2189 968 2245 esne,
997 2169 1205 2251 inquit,
1234 2171 1357 2230 haec
1390 2169 1796 2245 ematuruisse,
1826 2178 1883 2230 et
1918 2171 2152 2233 manus*

313 2245 425 2305 ‘am
466 2245 791 2326 postulare?
836 2247 1050 2310 Idcirco
1079 2248 1170 2311 die
1204 2247 1472 2325 crastino,
1502 2248 1600 2310 ubi
1644 2248 1898 2330 primum
1932 2248 2155 2309 dilucu-

304 2267 449 2385 iabit
475 2325 523 2401 ⁶,
566 2326 654 2388 fac
693 2325 905 2390 amicos
945 2326 1149 2405 adeas,
1191 2337 1248 2389 et
1295 2348 1455 2410 roges
1495 2327 1763 2404 veniant,
1812 2347 2153 2409 operamque

311 2410 572 2465 mutuam
592 2405 728 2466 dent
743 2451 763 2482 ,
800 2415 856 2468 ct
887 2427 1129 2470 messem
1158 2409 1307 2470 hanc
1341 2407 1505 2471 nobis
1526 2406 1862 2497 adjuvent.»
1899 2409 2032 2467 Haec
2055 2407 2152 2466 ubi

308 2481 403 2542 ille
423 2481 589 2559 dixit,
609 2483 884 2547 discessit.
921 2489 1131 2568 Atque,
1154 2487 1251 2548 uhi
1277 2487 1444 2548 rediit
1464 2494 1687 2562 cassita,
1717 2486 1855 2567 pulli
1885 2484 2151 2566 trepiduli

308 2560 798 2645 circumstrepere,
833 2585 1106 2648 orareque
1125 2575 1371 2629 matrem
1405 2574 1471 2628 ut
1490 2565 1613 2646 jam
1649 2564 1839 2626 statim
1869 2573 2153 2655 properet,

308 2648 475 2722 atque
507 2641 686 2704 alium
720 2643 781 2705 in
819 2645 1009 2706 locum
1044 2666 1163 2708 sesc
1195 2653 1463 2728 asportet.
1502 2667 1534 2703 t(
1562 2646 1707 2705 Nam
1735 2644 2026 2719 dominus,
2055 2642 2153 2703 in-

307 2727 538 2799 quiunt,
560 2723 718 2784 misit
738 2722 836 2806 qui
865 2725 1076 2786 amicos
1111 2733 1336 2806 rogaret
1357 2724 1441 2784 uti
1466 2725 1590 2786 luce
1611 2723 1828 2786 oriente
1847 2722 2076 2784 veniant
2096 2732 2153 2783 et

309 2808 545 2860 metant.
570 2823 601 2859 i)
639 2804 817 2863 Mater
852 2804 1016 2884 jubet
1049 2824 1143 2867 eos
1177 2804 1370 2865 animo
1406 2802 1582 2866 otioso
1615 2823 1736 2864 esse
1772 2821 1789 2865 ε
1849 2825 1880 2862 ε(
1910 2801 1969 2864 Si
1998 2800 2153 2863 enim

365 2958 404 2990 ¹¹
434 2956 585 3001 Solita
607 2958 878 3015 ministeria,
915 2974 1038 3006 «son
1072 2965 1199 3010 office
1254 2966 1517 3021 Gonyerere
1558 2954 1663 3018 (συμ
1699 2958 1860 3018 weh),
1936 2968 2112 3008 estucas
2135 2995 2148 3013 ,

308 3008 562 3055 accontume
579 3025 603 3051 n
627 3012 683 3054 de
700 3015 913 3068 gestator
971 3028 1197 3062 tte-rorum.
1244 3015 1656 3070 floccos,herbas,a
1700 3016 1888 3061 nidums
1912 3016 2148 3063 risendim.

362 3063 407 3097 ¹¹
433 3062 574 3128 Mersa
617 3065 662 3108 le
688 3065 836 3121 se'jour
852 3068 920 3123 qu'
994 3071 1203 3115 faisalent
1312 3071 1335 3106 ⁸
1367 3070 1738 3126 Tempestiviores
1790 3070 1838 3113 in
1892 3073 2114 3113 sementes
2134 3100 2148 3118 ,

310 3117 422 3160 dans
439 3117 485 3159 la
498 3118 619 3160 ville.
1258 3134 1284 3161 α
1301 3125 1413 3167 dans
1429 3136 1487 3165 un
1507 3123 1663 3177 champ
1682 3123 1741 3166 οὺ
1764 3123 1810 3166 Ie
1826 3122 1900 3167 ble
1918 3122 2029 3166 etait
2053 3125 2152 3177 plus

362 3169 496 3212 8.—¹
530 3169 590 3214 Ut
617 3184 650 3213 a
673 3174 822 3227 petat.
850 3171 973 3218 Nous
995 3174 1203 3220 retablis-
1257 3175 1422 3220 avance'
1458 3190 1481 3216 ›
1509 3178 1608 3229 trop
1626 3173 1805 3219 avanee.
1829 3174 2151 3233 Tempestivm,

307 3235 414 3267 sons
430 3223 476 3267 la
491 3224 624 3279 lecon
673 3237 723 3268 es
737 3226 979 3272 anciennes
990 3227 1199 3273 editions.
1258 3229 1370 3272 dans
1395 3206 1587 3281 florace,
1605 3240 1633 3271 a
1659 3229 1705 3271 le
1722 3240 1827 3272 sens
1854 3230 1910 3274 de
1930 3240 1953 3266 ε
1970 3226 2081 3271 mar.
2102 3243 2125 3268 ι

307 3274 431 3321 Gens
466 3276 523 3319 de
563 3274 811 3322 Gronovius
851 3286 977 3334 porte
1012 3282 1200 3337 appetit,
1310 3279 1331 3314 ¹·
1359 3279 1618 3323 Involucres
1651 3293 1761 3334 pour
1794 3294 1884 3324 non
1913 3279 2120 3326 volueres

308 3331 381 3383 qui
408 3341 467 3373 ne
492 3340 605 3373 nous
634 3332 802 3374 semble
868 3344 917 3375 as
942 3335 1076 3387 juste.
1114 3334 1203 3377 Les
1257 3345 1281 3370 ι
1299 3333 1401 3375 hors
1429 3332 1563 3375 d'etat
1587 3334 1644 3376 de
1671 3335 1806 3377 voler.
1829 3350 1852 3374 a·

308 3383 540 3432 alouettes,
559 3394 671 3436 pour
695 3385 805 3427 faire
849 3396 927 3427 em·
952 3386 1046 3438 nid,
1073 3395 1207 3438 pren·
1312 3384 1334 3418 ⁸
1359 3385 1412 3428 M
1418 3397 1546 3437 anus,
1576 3398 1597 3422 ‹
1615 3387 1659 3429 la
1683 3389 1805 3430 main
1823 3388 1904 3433 des
1933 3388 2151 3430 moisson-

308 3438 419 3476 nent
450 3436 548 3478 leur
565 3440 709 3488 temps
735 3434 790 3477 de
816 3436 1011 3480 muniere
1041 3449 1127 3493 que
1155 3436 1201 3480 la
1255 3449 1442 3487 neurs,»
1461 3440 1507 3481 la
1523 3440 1714 3481 faucille.

307 3487 506 3528 meissen
521 3487 610 3528 soit
622 3485 799 3540 pruche
816 3490 967 3539 quand
982 3490 1050 3531 les
1065 3491 1203 3543 petits
1311 3489 1332 3521 ⁶
1360 3489 1660 3533 Diluculabit.
1679 3489 1741 3534 Ce
1756 3493 1892 3534 verbe
1905 3503 1936 3535 n
1950 3496 2020 3536 est
2035 3491 2150 3535 mite

309 3544 386 3579 ont
404 3538 507 3591 deja
524 3537 604 3579 des
620 3540 805 3590 plumes.
1257 3542 1357 3595 qn'b.
1371 3545 1417 3585 la
1437 3543 1661 3585 troisieme
1688 3555 1925 3597 personne,
1944 3548 1994 3588 et
2015 3556 2075 3587 ne
2100 3555 2150 3587 se

362 3592 382 3621 ²
414 3589 715 3646 Conyesserat
742 3592 859 3634 avait
885 3594 965 3636 fait
993 3604 1072 3636 son
1107 3595 1200 3638 nid.
1256 3604 1407 3637 trouve
1428 3606 1511 3649 que
1531 3595 1642 3637 dans
1655 3593 1934 3640 Aulu-Gene.
