2525 3984
383 167 418 221 ,⁶2
433 168 500 225 153
1018 162 1572 223 NARRATIONES.

379 294 450 355 ad
494 290 666 353 fidem
716 287 1078 369 praesentium
1124 286 1499 350 criminum¹³
1538 284 1898 362 retulissent3
1942 286 2233 365 suspicio-

378 373 547 434 nibus
570 369 774 451 magi5‚
796 389 968 449 quam
990 367 1366 450 argumentiS,
1388 366 1642 448 pecuniae
1665 373 2032 455 captaereum
2059 386 2226 427 accu-

380 460 595 515 sarunt.
631 472 662 509 (ι
689 448 902 509 Filium
929 452 1160 528 capium
1179 448 1222 490 ⁸*
1250 446 1371 508 sine
1390 446 1571 528 pretio
1595 445 1910 520 reddltum,
1935 445 2216 507 omnibus·

381 553 489 611 que
517 530 640 592 aliis
680 530 851 590 rebus
887 526 1237 608 Scipionem,
1274 536 1548 608 tanquam
1575 523 1638 585 in
1672 525 1794 605 ejus
1830 525 2002 585 unius
2048 547 2223 588 manu

373 633 488 706 pax
511 629 748 671 romana
772 608 988 669 bellum
1029 627 1101 668 ue
1123 614 1298 684 esset,
1333 607 1404 668 ab
1434 605 1715 667 Antiocho
1750 606 1994 674 cultum.
2025 604 2228 666 Dicta-

379 705 561 753 torem
584 710 720 751 eum
742 686 958 750 consuli
973 689 990 722 ¹
1023 731 1044 763 ‚
1062 699 1184 748 ‘non
1207 688 1458 767 legatum
1484 684 1546 745 in
1571 684 1865 766 provincia
1885 683 2054 745 fuisse
2079 703 2095 747 ε
2121 706 2224 746 nec

379 771 452 832 ad
485 771 656 833 aliam
681 790 805 830 rem
836 787 901 829 eo
973 768 1251 828 rofectum
1265 811 1287 843 ,
1317 786 1491 856 quam
1526 775 1591 826 ut
1623 764 1682 826 id
1726 764 1878 847 quod
1914 764 2223 846 Hispaniae,

382 851 590 925 Galliae,
646 847 872 923 Siciliae,
964 846 1115 907 fricoe
1145 844 1493 927 jampridem
1535 865 1869 937 persuasum
1910 854 2091 922 esset,
2117 847 2224 906 hoc

380 929 639 1002 G1oeciae‚-
659 928 917 1008 Asiaeque
928 971 950 1002 ,
987 936 1043 987 et
1067 925 1334 986 omnibus
1360 925 1432 987 ad
1466 933 1742 987 orientem
1778 945 1969 987 versus
1996 925 2222 1007 regibus

379 1007 749 1090 gentibusque
775 1007 1133 1088 appareret¹⁶
1144 1022 1166 1084 3
1198 1026 1385 1067 unum
1409 1005 1705 1067 hominem
1732 1015 1903 1087 caput
1925 1006 2225 1067 columen-

458 1108 489 1150 c
516 1085 746 1168 imperii
772 1085 994 1148 romani
1026 1105 1146 1148 esse
1178 1102 1195 1147 ε
1236 1085 1342 1147 sub
1383 1086 1591 1148 umbra
1635 1084 1916 1177 Scipionis
1938 1084 2223 1146 civitatem

418 1166 672 1228 ominam
699 1164 851 1227 orbis
878 1173 1162 1227 terrarum
1194 1166 1367 1227 latere
1395 1183 1412 1228 ε
1449 1174 1660 1227 nutum
1699 1187 1821 1246 eJus
1858 1185 1961 1246 pro
1988 1164 2230 1226 decretis

379 1256 633 1327 patrum,
666 1267 770 1327 pro
796 1244 991 1327 populi
1015 1244 1189 1327 jussis
1216 1266 1357 1307 esse.
1396 1268 1426 1304 n
1475 1244 1718 1308 Infamia
1743 1245 2023 1307 intactum
2043 1246 2112 1321 ¹⁷,
2138 1245 2232 1305 in-

379 1325 550 1403 vidia,
580 1346 692 1407 qua
712 1333 969 1406 possunt,
992 1333 1219 1406 urgent.
1252 1325 1618 1387 Orationibus
1644 1325 1703 1386 in
1731 1333 1957 1386 noctem
1978 1325 2230 1406 perduc-

382 1405 511 1467 tis¹⁸
540 1405 851 1486 prodictam
884 1404 1004 1466 dies
1032 1412 1115 1465 est
1154 1423 1170 1468 ε
1208 1403 1309 1465 ubi
1354 1425 1420 1467 ea
1447 1405 1639 1482 venit,
1670 1404 1889 1467 tribuni
1931 1404 1995 1466 in
2029 1404 2230 1467 rostris

379 1485 567 1567 prima
587 1485 712 1547 luce
734 1485 1130 1547 consederunt.
1159 1484 1379 1547 Citatus
1406 1505 1560 1562 rem,
1597 1506 1804 1576 magno
1827 1485 2056 1567 agmine
2082 1485 2227 1547 ami-

380 1585 580 1627 corum
635 1564 1040 1647 clientiumque
1088 1585 1190 1647 per
1245 1564 1497 1627 mediam
1551 1585 1882 1627 concionem
1927 1566 1999 1628 ad
2045 1574 2229 1628 rostra

379 1644 586 1721 subiit,
615 1644 948 1726 silentioque
972 1646 1142 1721 factn,
1184 1667 1215 1705 ε(
1238 1647 1384 1722 Hoc,
1402 1644 1469 1705 'in
1510 1644 1616 1721 uit,
1642 1644 1758 1721 die,
1781 1645 1994 1707 tribuni
2020 1645 2225 1727 plebis,

379 1745 587 1807 vosque
611 1724 858 1798 Quirites
862 1770 882 1801 ,
908 1744 1043 1785 cum
1076 1723 1356 1786 Annibale
1385 1734 1442 1786 et
1517 1724 2032 1806 arthaginiensibus
2052 1725 2227 1806 signis

379 1804 619 1880 collatis,
640 1804 703 1863 in
731 1803 924 1867 Africa
952 1804 1096 1865 hene
1125 1825 1190 1866 ac
1224 1803 1464 1867 feliciter
1497 1804 1768 1886 pugnavi.
1811 1808 2007 1888 ltaque
2045 1826 2226 1887 quum

376 1883 545 1945 hodie
580 1883 776 1945 litibus
807 1892 864 1944 et
895 1883 995 1966 jur
1032 1883 1102 1944 iis
1143 1882 1495 1964 supersederi
1538 1904 1769 1965 aequum
1810 1884 1915 1963 sit,
1952 1906 2056 1968 ego
2092 1884 2226 1945 hinc

376 1965 656 2044 extemplo
701 1961 763 2023 in
810 1962 1008 2045 Capito
1035 1963 1155 2025 'um
1193 1961 1265 2025 ad
1309 1966 1506 2026 Jovem
1541 1964 1845 2045 Optimum
1887 1965 2225 2039 Maximum,

374 2044 795 2133 lunonemque,
827 2051 883 2104 et
921 2042 1259 2119 Minervam,
1295 2052 1618 2126 ceterosque
1648 2043 1781 2106 deos
1813 2045 1918 2127 qui
1949 2044 2225 2127 Capitolio

377 2129 545 2202 atque
576 2142 691 2182 arci
722 2121 1024 2203 proesidcnt
1040 2167 1062 2198 ,
1088 2123 1413 2185 salutandos
1432 2123 1552 2200 ibo,
1573 2123 1774 2207 hisque
1799 2125 2009 2206 gratias
2036 2147 2071 2187 a
2106 2146 2198 2187 am
2204 2169 2224 2200 ,

376 2199 527 2280 quod
555 2199 697 2260 mihi
728 2207 785 2261 et
813 2201 923 2262 hoc
951 2200 1074 2283 ipso
1101 2200 1217 2277 die,
1238 2209 1307 2284 et,
1327 2223 1400 2264 sae
1492 2203 1630 2265 alias
1656 2204 1879 2286 egregie
1900 2205 2023 2287 reip
2105 2205 2224 2268 licae

377 2278 635 2359 gerendae
660 2287 912 2342 mentem
933 2281 1372 2363 facultatemque
1435 2283 1694 2350 ederunt.
1715 2286 1980 2347 Vestrum
2000 2304 2225 2367 quoque

377 2357 586 2441 quibus
604 2359 976 2437 commodum
992 2370 1111 2437 est,
1132 2360 1210 2422 ite
1230 2382 1484 2439 mecum,
1507 2361 1793 2442 Quirites3
1816 2373 1875 2427 et
1891 2374 2046 2427 orate
2066 2365 2222 2440 deoS‚

376 2446 442 2501 ut
460 2438 574 2507 mei
592 2438 805 2501 similes
825 2439 1109 2523 principes
1134 2440 1390 2504 habeatis
1413 2459 1430 2504 :
1452 2443 1533 2505 ita
1545 2445 1617 2519 ²⁰,
1638 2442 1686 2504 si
1707 2444 1780 2505 ab
1802 2445 1965 2507 annis
1984 2454 2223 2527 septem-

377 2519 565 2586 decim
597 2519 669 2582 ad
696 2528 1043 2583 senectutem
1072 2541 1297 2603 semper
1324 2543 1422 2584 vos
1447 2530 1673 2584 aetatem
1700 2544 1890 2588 meam
1913 2526 2224 2587 honoribus

378 2673 556 2729 Rheges
575 2680 703 2741 entre
720 2688 810 2721 une
831 2678 975 2731 partie
992 2677 1072 2721 des
1090 2680 1272 2748 troupes

379 2729 435 2770 de
459 2729 507 2770 la
530 2742 741 2782 garnison,
766 2741 871 2773 sous
898 2731 967 2773 les
988 2730 1140 2774 ordi-es
1169 2732 1273 2774 dun

376 2781 544 2823 certain
579 2782 838 2837 Pleminius,
869 2787 917 2827 et
945 2783 1099 2827 rautre
1128 2784 1273 2836 partie

376 2834 664 2895 commandee
684 2849 765 2889 par
784 2838 864 2880 des
882 2837 1072 2901 tribune.
1091 2835 1274 2889 Scipion

375 2886 1276 2999 gfflteffiffxffiefflirgiuffimtglzggsffing}

374 2993 509 3044 tiens,
530 2993 634 3045 quoi
665 3006 720 3054 ue
739 2998 811 3036 cet
830 2995 1006 3039 homme
1040 2994 1124 3049 fut,
1148 2995 1276 3039 d’ail-

374 3043 618 3140 lzzres,flpeu
691 3058 779 3100 gne
801 3047 857 3090 de
884 3048 930 3091 la
954 3052 1184 3094 conflance
1212 3050 1274 3093 du

375 3108 404 3150 g
431 3148 477 3183 ¹⁸
490 3110 582 3193 rAfl
614 3151 754 3223 fidem
833 3154 1079 3196 metentium
1120 3154 1275 3199 crimi-

375 3215 495 3257 num,
517 3218 540 3243 c
553 3202 584 3249 ὸ
597 3205 615 3247 l
628 3207 762 3259 appui
814 3218 863 3250 es
880 3208 1156 3252 accusatione
1173 3206 1276 3263 pre'·

376 3262 877 3375 wigfissiinmpfzptum.
894 3310 957 3357 Ge
974 3312 1046 3357 fils
1061 3313 1176 3357 n’est
1191 3325 1274 3368 pas

377 3362 558 3417 Scipion
590 3363 779 3407 Emihen
830 3375 999 3409 comme
1030 3364 1203 3421 Appien
1226 3369 1273 3411 10

377 3417 444 3459 dit
499 3429 548 3459 ar
577 3429 727 3482 erreur
755 3397 895 3475 (ἔφη,
918 3419 1005 3473 29),
1041 3422 1153 3483 mais
1184 3422 1275 3463 soit

375 3468 431 3511 L.
513 3482 580 3513 rn.
601 3470 765 3524 Scipm,
794 3484 845 3515 ce
872 3473 942 3515 fils
958 3474 1144 3527 indigne
1166 3472 1270 3517 d’un

376 3522 518 3572 grand
541 3523 734 3586 homme.
759 3526 837 3587 qui
862 3526 930 3568 fut
956 3526 1084 3568 exclu
1124 3528 1184 3570 du
1203 3526 1275 3570 se-

376 3580 471 3626 ut,
503 3581 591 3619 soit
616 3576 668 3620 P.
698 3577 863 3631 Scipio,
888 3590 970 3622 son
998 3582 1163 3623 second
1184 3581 1270 3624 fils.

1325 2678 1500 2775 Rufii-lsai:
1529 2677 1574 2722 le
1608 2676 1716 2732 pere
1757 2679 1934 2732 adoptit
1966 2680 2027 2723 du
2060 2680 2224 2723 second

1405 2733 1535 2775 cain.
1568 2730 1684 2785 Quoi
1705 2732 1810 2785 qu’il
1829 2744 1886 2774 en
1908 2733 2013 2785 soit,
2035 2733 2070 2775 il
2117 2730 2225 2775 παῖε
2256 2779 2263 2784 ,

1326 2785 1457 2839 qu’un
1493 2785 1564 2848 fiis
1597 2786 1653 2827 de
1686 2784 1868 2840 Scipion
1896 2787 2017 2829 avait
2043 2784 2068 2828 ό
2134 2787 2224 2839 pris

1325 2836 1734 2953 Ραῖῐᾼῧξὶῖἓξέῗὲηι
1762 2889 1935 2934 consuli
1953 2888 2116 2953 fuisse:
2148 2901 2171 2926 τ
2189 2891 2222 2932 il

1326 2939 1475 2987 s’etait
1493 2945 1675 2987 conduit
1700 2956 1758 2987 en
1781 2946 1999 2988 dictateur
2018 2942 2047 2987 ὰ
2060 2943 2226 2997 l’egard

1328 2997 1387 3039 du
1405 2997 1573 3039 consul.
1595 3011 1619 3038 2»

1380 3047 1427 3083 1⁶
1453 3052 1528 3105 Ap
1561 3052 1733 3100 areret,
1749 3049 1936 3105 «devint
1947 3051 2221 3095 manifeste.»

1381 3101 1429 3138 17
1455 3102 1511 3145 In
1541 3103 1661 3145 amia
1686 3104 1928 3154 intactum,
1956 3110 2045 3149 etc.
2073 3102 2141 3146 On
2162 3114 2222 3145 ne

1324 3157 1506 3211 pouvait
1532 3162 1624 3200 atta
1654 3169 1735 3200 uer
1763 3171 1814 3200 sa
1839 3159 1997 3212 gleire,
2024 3171 2082 3201 on
2107 3159 2226 3201 cher-

1326 3210 1409 3253 che
1433 3207 1462 3253 ὸ,
1481 3210 1526 3252 le
1544 3222 1623 3253 ren
1725 3212 1902 3255 odieux.

1380 3260 1426 3295 ¹⁸
1452 3262 1512 3305 In
1529 3265 1701 3327 noctem
1712 3264 1960 3320 perductis.
1978 3265 2077 3309 ‘Les
2096 3264 2226 3307 sean-

1326 3326 1402 3379 σεξ
1445 3317 1505 3360 du
1537 3322 1667 3360 senat
1700 3330 1755 3365 ,se
1790 3321 2079 3363 terminaient
2112 3318 2142 3362 ἐι
2179 3319 2224 3361 la

1324 3373 1716 3487 Buff-Prndium,-
1753 3436 1924 3468 comme
1958 3422 2189 3487 proc-lucta
2202 3436 2224 3473 ,-

1323 3473 1505 3518 l’affmrc
1525 3477 1592 3518 fut
1608 3488 1769 3519 remise
1787 3476 1818 3520 ὁ,
1834 3490 1894 3518 un
1914 3483 2041 3520 autre
2052 3489 2168 3530 Jour.

1381 3527 1428 3560 ²⁰
1452 3526 1546 3580 Ita,
1588 3543 1610 3567 ι
1638 3531 1757 3573 aussi
1795 3530 1919 3583 bien,
1954 3531 2120 3584 puis-,ie
2152 3539 2222 3571 mc

1327 3582 1420 3623 dire
1439 3593 1522 3634 que
1540 3581 1628 3623 si...
1650 3594 1672 3618 v
