2525 3984
304 110 414 170 198
942 102 1494 166 NARRATIONES.

298 241 428 293 ante
469 250 571 293 nos
596 231 731 290 hinc
765 230 1136 306 moverimuS,
1172 249 1346 311 quam
1388 228 1533 290 sicut
1567 230 1706 290 oli1n
1736 232 2047 295 Camillum
2077 235 2145 297 ab

306 311 449 374 Veiis
467 356 489 387 ‚
517 311 579 371 C·
617 308 965 371 Flaminium
999 309 1071 371 ab
1099 308 1323 371 Arretio
1347 317 1532 390 patres
1559 308 1917 373 adsciverint.
1942 334 1974 372 »
2013 315 2145 376 Haec

301 391 473 452 timul
494 388 788 469 increpans
792 434 813 465 ,
834 409 1016 471 quum
1037 388 1195 451 ocius
1220 388 1383 470 signa
1401 388 1636 450 convelli
1661 388 1890 471 juberet
1903 436 1924 467 ,
1945 400 2001 451 et
2031 392 2146 474 ipse

299 476 362 533 in
389 490 603 551 equum
637 467 967 548 insiluisset,
1002 489 1033 530 e
1116 488 1180 529 us
1212 488 1275 530 re
1316 475 1444 530 ente
1478 468 1714 544 corruit,
1746 472 2147 553 consulemque

298 557 525 630 lapsum
586 568 755 628 super
793 557 963 629 caput
1003 568 1034 609 e
1118 547 1223 609 dit.
1318 546 1506 609 erritis
1549 547 1814 610 omnibus
1859 550 1960 625 qui
2002 552 2149 613 circa

301 636 487 705 erant,
512 629 668 691 velut
693 626 843 689 foedo
878 625 1067 689 omine
1094 624 1429 708 incipiendae
1459 625 1567 704 rei,
1595 626 1829 709 insuper
1852 629 2148 692 nuntiatur

302 705 530 789 signum
546 751 568 784 ,
590 705 747 770 omni
768 706 822 767 vi
845 706 1112 769 moliente
1140 705 1427 797 signifero,
1450 707 1686 769 convelli
1715 708 1973 789 nequire.
2005 711 2149 771 Con-

303 807 495 849 versus
515 786 587 848 ad
607 785 876 847 nuntium
902 804 918 848 :
951 808 983 846 α
1003 788 1156 847 Num
1170 787 1384 847 litteras
1399 807 1621 878 quoque
1636 786 1707 848 ab
1728 796 1925 849 senatu
1940 788 2146 865 adferS,

304 886 431 958 quae
458 887 551 928 me
578 887 701 927 rem
729 886 923 947 gerere
950 874 1158 927 vetent.
1194 864 1305 926 Abi
1324 911 1345 942 ,
1373 874 1576 927 nuntia
1607 865 1837 947 signum
1858 867 2145 943 effodiant,

303 965 352 1006 si
406 945 478 1007 ad
528 944 958 1008 convellendum
1016 965 1220 1006 manus
1266 965 1382 1026 prae
1437 954 1594 1022 metu
1650 946 2060 1028 obtorpuerint.
2109 969 2140 1007 s

305 1024 569 1086 Incedere
587 1024 718 1086 inde
740 1044 945 1107 agmen
957 1024 1126 1105 coepit
1142 1041 1162 1101 3
1178 1022 1524 1105 primoribus
1529 1069 1549 1100 ‚
1571 1046 1913 1107 superquam
2014 1026 2088 1087 od
2103 1028 2144 1061 ¹¹

303 1102 681 1167 dissenserant
726 1124 761 1165 a
805 1103 1037 1166 consilio
1047 1149 1069 1180 ,
1119 1103 1329 1165 territis
1368 1103 1542 1165 etiam
1582 1104 1798 1185 duplici
1847 1127 1915 1186 pr
1993 1105 2145 1187 igio;

305 1183 486 1244 milite
527 1182 589 1244 in
614 1185 816 1264 vulgus
838 1184 882 1221 ¹⁸
919 1184 1046 1246 laeto
1083 1182 1292 1244 ferocia
1332 1182 1517 1261 ducis,
1559 1204 1739 1266 quum
1774 1205 1934 1265 spem
1969 1184 2148 1265 magis

304 1259 488 1342 ipsam
594 1282 690 1323 am
716 1282 945 1324 causam
973 1262 1091 1343 spei
1120 1261 1514 1323 intueretur¹⁸.

384 1342 533 1402 Anni
578 1343 663 1418 al,
738 1341 849 1402 uod
878 1341 997 1423 agri
1048 1349 1131 1402 est
1164 1341 1314 1403 inter
1347 1344 1653 1404 Cortonam
1680 1344 1724 1381 ¹⁸
1765 1341 1968 1404 urbem
2003 1344 2148 1403 Tra-

305 1361 917 1512 simenumqueffiacum
949 1420 1106 1482 omni
1134 1420 1291 1483 clade
1319 1421 1451 1482 belli
1480 1429 1782 1503 pervastat,
1813 1442 1926 1503 quo
1971 1423 2149 1503 magis

306 1498 454 1562 iram
486 1501 633 1563 hosti
656 1499 726 1562 ad
748 1499 1113 1562 vindicandas
1140 1499 1422 1562 sociorum
1453 1500 1691 1583 injurias
1718 1508 1903 1563 acuat.
1936 1502 2009 1561 Et
2027 1500 2150 1582 jam

308 1579 742 1660 pervenerant¹⁸
775 1578 847 1641 ad
888 1581 1010 1641 loca
1048 1578 1269 1641 insidiis
1314 1592 1469 1657 nata,
1511 1580 1610 1640 ubi
1645 1580 1909 1642 maxime-
1932 1588 2150 1641 montes

308 1659 679 1722 Cortonenses
746 1657 1111 1721 Trasimenus
1166 1658 1318 1720 subit
1341 1662 1408 1719 ¹⁷.
1478 1659 1584 1720 Via
1636 1668 1863 1721 tantum
1919 1665 2152 1721 interest

307 1747 668 1821 perangusta,
688 1739 842 1800 velut
862 1738 933 1800 ad
959 1738 1019 1800 id
1046 1737 1237 1819 ipsum
1254 1740 1299 1776 ¹⁸
1320 1738 1388 1800 dc
1416 1738 1696 1800 industria
1715 1739 1910 1801 relicto
1937 1740 2148 1819 spati03

307 1816 509 1879 deinde
529 1819 698 1899 paulo
723 1817 890 1880 latior
955 1818 1151 1879 atescit
1172 1838 1406 1899 campus
1421 1841 1443 1894 ,-
1476 1817 1606 1879 inde
1639 1819 1807 1880 colles
1827 1828 2147 1907 assurgunt.

310 1894 394 1957 lbi
416 1904 597 1958 castra
621 1896 682 1957 in
710 1906 904 1976 aperto
917 1839 1102 1971 qoem,
1133 1896 1232 1957 ubi
1258 1896 1377 1977 ipse
1406 1916 1539 1957 cum
1566 1896 1720 1959 Afris
1747 1897 1918 1959 modo
1941 1899 2152 1977 H1spa—

310 1974 509 2057 nisque
540 1974 871 2037 consideret.
899 1981 1161 2039 Baleares
1192 1985 1547 2058 ceteramque
1585 1977 1766 2038 levem
1801 1984 2146 2038 armaturam

309 2064 434 2134 post
467 2063 687 2116 montes
726 2053 1101 2116 circumducit
1130 2071 1148 2116 t
1188 2053 1406 2136 equites
1446 2054 1517 2115 ad
1546 2056 1694 2145 ipsas
1733 2056 1922 2117 fauces
1956 2056 2151 2131 saltuS,

310 2133 548 2194 tumulis
574 2142 703 2213 apte
733 2132 1050 2214 tegentibus
1062 2178 1084 2209 ,
1113 2135 1257 2195 locat
1273 2149 1294 2211 3
1325 2142 1413 2210 ut,
1437 2134 1536 2195 ubi
1558 2143 1857 2196 intrassent
1884 2135 2152 2209 Romani,

310 2210 528 2290 objecto
550 2211 827 2293 equitatu,
848 2211 1037 2273 clausa
1064 2211 1258 2274 omnia
1283 2214 1410 2275 lacu
1432 2233 1497 2275 ac
1519 2213 1804 2275 montibus
1825 2221 2028 2275 essent.

391 2289 704 2352 Flaminius
742 2311 925 2372 quum
964 2290 1148 2371 pridie
1187 2292 1318 2354 solis
1366 2313 1568 2355 occasu
1601 2293 1673 2355 ad
1721 2294 1907 2355 lacum
1948 2313 2156 2373 pervc-

310 2368 482 2431 nisset
498 2415 520 2446 ,
548 2368 930 2451 inexplorato,
968 2379 1188 2452 postero
1225 2370 1338 2448 die,
1370 2370 1601 2434 vixdum
1643 2372 1774 2435 satis
1811 2380 1964 2436 certa
2001 2373 2153 2447 luce,

311 2449 583 2532 angustiis
637 2449 946 2532 superatis,
1004 2460 1302 2532 postquam
1348 2450 1410 2511 in
1456 2452 1837 2542 patentiorem
1884 2472 2153 2532 campum

312 2529 481 2609 pandi
512 2550 716 2612 agmen
750 2530 945 2611 coepit,
986 2529 1045 2591 id
1074 2538 1296 2592 tantum
1323 2532 1600 2608 hostium,
1680 2531 1793 2594 uod
1825 2552 1893 2594 ex
1923 2530 2154 2593 adverso

311 2618 465 2687 erat,
489 2610 774 2692 conspexit
804 2628 820 2671 τ
852 2609 924 2671 ab
962 2617 1118 2691 tergo
1146 2630 1210 2671 ac
1244 2631 1412 2691 super
1439 2621 1609 2693 caput
1681 2631 1908 2693 ecepere
1924 2612 1967 2648 ¹⁹
2007 2608 2156 2670 insi-

309 2686 438 2749 diae.
469 2691 677 2751 Poenus
704 2688 804 2750 ubi
823 2734 844 2765 ,
873 2688 930 2749 id
969 2689 1119 2770 quod
1162 2688 1422 2771 petierat,
1451 2693 1709 2752 clausum
1737 2693 1865 2753 lacu
1891 2711 1955 2752 ac
1982 2709 2154 2750 mon-

314 2767 464 2829 tibus
497 2776 554 2831 et
581 2769 995 2830 circumfusum
1027 2768 1145 2831 suis
1186 2767 1365 2849 copiis
1401 2769 1602 2831 habuit
1633 2773 1881 2847 hostem,
1928 2768 2153 2849 signum
2236 2779 2241 2784 '

313 2846 579 2908 omnibus
611 2848 707 2909 dat
733 2846 904 2909 simul
935 2846 1231 2909 invadendi
1250 2851 1319 2907 ¹⁰.
1353 2848 1462 2921 Qui
1485 2849 1582 2910 ubi
1601 2896 1621 2927 ,
1652 2872 1765 2931 qua
1792 2849 1994 2930 cuique
2017 2868 2155 2929 pro-

366 3046 412 3082 12
437 3046 588 3102 Super
606 3058 740 3103 quam
759 3045 900 3103 quod,
918 3045 1074 3093 cea-d.
1090 3058 1209 3105 Ρω-
1316 3046 1362 3082 5⁸
1392 3046 1645 3099 Cortonam,
1668 3060 1690 3085 ‹
1711 3046 1919 3099 Cottone,
1937 3061 1959 3087 s
1978 3046 2081 3088 ville
2100 3046 2154 3088 de

314 3103 385 3142 ter
406 3111 538 3156 quam
555 3098 690 3155 quod.
1259 3100 1477 3153 Tuscum,
1494 3112 1549 3142 au
1576 3100 1699 3145 s.—E.
1717 3101 1774 3143 de
1792 3099 2020 3142 Florenoe.
2086 3150 2096 3159 ·

312 3150 875 3267 magistatis&
884 3150 1134 3252 εἶ’ῗέἔῗὲἐ
1151 3154 1209 3249 ἐξ
1316 3154 1361 3241 li
1387 3149 2155 3269 {3222”z‘331a⁸2‡⁸53.⁹25.22⁰5”302

312 3265 430 3346 oeae
439 3255 778 3367 ρααιῖξιιπῗιγᾱὲἷῖοξθ
799 3260 897 3356 legger
911 3259 1027 3349 ebes·
1047 3312 1104 3355 ils
1147 3324 1207 3355 ne
1261 3257 1466 3354 aega-313
1481 3310 1532 3353 id
1552 3311 1695 3366 ipsum
1742 3321 1765 3347 ε
1790 3308 1819 3354 ὸ,
1835 3314 1909 3353 cet
1927 3310 2036 3353 εδει
2072 3322 2096 3348 s
2130 3309 2160 3351 a

316 3367 523 3428 voyaient
558 3376 643 3418 que
672 3343 825 3429 ljobiet
857 3343 1002 3408 xn’e’me
1031 3366 1089 3428 de
1110 3366 1209 3429 leur
1258 3364 1398 3408 l’efl'et
1416 3366 1472 3407 de
1490 3365 1622 3407 livrer
1642 3342 1846 3424 passage.
2039 3341 2049 3359 '

316 3428 558 3472 esperance
573 3415 851 3480 ¹(la‘vlctmre)
871 3429 976 3459 sans
993 3416 1207 3487 s'mquie-
1318 3416 1362 3450 1⁹
1395 3416 1626 3473 Decepere,
1649 3430 1692 3469 p.
1706 3413 1932 3475 sescum-e,
1957 3426 1979 3452 ι
1996 3411 2157 3468 601189·

318 3470 1102 3573 35533232³²Q235512ss35532⁸
1115 3470 1144 3511 ¹¹
1177 3481 1210 3521 ³⁷
1261 3469 1650 3571 Ρὲέἓῗηῖέἓῦἒίιῗ
1664 3486 1699 3558 ’«
1722 3522 1779 3564 <10
1797 3519 1997 3573 onager.
2018 3532 2040 3554 »
