2525 3984
6 2933 24 2957 Ι
7 2811 10 2860 ,ἡ
7 2707 10 2788 nm
7 2633 10 2680 ᾖ
7 2497 10 2610 nnn„

1001 135 1049 192 Ν
1054 134 1438 194 ARRATION
1446 136 1553 195 ES.
1872 191 1877 197 .
2090 142 2207 200 165

370 263 517 339 nire,
545 273 600 322 et
626 281 684 322 se
708 261 1067 343 civitatesque
1095 281 1222 323 suas
1243 262 1450 323 Caesari
1471 262 1869 324 commendare
1899 278 2191 345 coeperunt

450 340 554 403 His
578 342 746 403 rebus
771 362 905 422 pace
933 342 1187 418 firmata,
1210 340 1506 423 post·diem
1526 350 1820 481 Quartum,
1848 364 2022 424 quam
2047 355 2131 406 est
2149 346 2208 406 in

371 421 720 488 Britanniam
741 429 997 497 ventum,
1026 441 1195 483 naves
1213 441 1347 481 xvm
1365 421 1433 482 de
1454 442 1549 502 qui
1594 442 1661 482 us
1681 441 1851 502 supra
1868 422 2219 486 demonstra·

377 509 497 565 tum
516 510 620 576 est,
642 521 766 582 quae
786 500 1002 583 equites
1021 501 1363 562 sustulerant
1374 501 1446 576 ⁸⁹,
1467 521 1533 560 ex
1549 500 1835 581 superiore
1854 510 2021 581 portu
2039 504 2086 540 ¹⁵⁰
2104 504 2219 565 leni

408 589 536 643 ento
555 582 859 641 solverunt.
891 581 1031 653 Quae
1051 600 1233 661 quum
1260 579 1775 660 appropinquarent
1796 580 2128 658 Britannias,
2157 592 2214 643 et

373 681 439 722 ex
473 658 668 722 castris
691 659 1014 721 viderentur
1026 659 1097 736 ⁸¹,
1129 666 1286 721 tanta
1313 666 1619 739 tempestas
1640 658 1826 719 subito
1861 668 2051 722 coorta
2084 669 2210 737 est,

372 748 436 800 ut
453 741 611 801 nulla
628 760 828 801 earum
846 760 1078 800 cursum
1101 747 1289 800 tenere
1310 746 1495 818 posset
1518 755 1533 799 ε
1559 737 1655 799 sed
1676 737 1800 799 aliae
1819 737 2042 814 eodem,
2064 738 2217 801 unde

370 827 531 880 erant
551 819 837 900 profectae,
859 820 1240 895 referrentur3
1265 817 1391 880 aliae
1419 816 1490 878 ad
1517 815 1844 879 inferiorem
1873 826 2092 899 partem
2116 819 2220 880 in-

371 900 508 959 sulae
522 898 596 973 ⁸²,
636 917 761 978 quae
802 905 887 959 est
923 896 1155 978 propius
1196 896 1327 958 solis
1373 916 1660 971 occasum,
1709 916 1917 989 magno
1954 896 2041 958 sui
2082 919 2214 960 cum

410 976 622 1038 ericulo
656 974 1051 1056 dejicerentur.
1090 977 1229 1049 Quae
1264 984 1455 1037 tamen
1471 1020 1492 1052 ,
1521 974 1782 1037 anchoris
1807 976 1972 1056 Jactis
1989 1022 2010 1052 ,
2034 998 2214 1058 quum

370 999 638 1117 fiuctibus
672 1057 1112 1146 complerentur,
1146 1055 1458 1118 necessario
1496 1055 1730 1117 adversa
1756 1066 1919 1116 nocte
1943 1055 2004 1116 in
2034 1057 2216 1118 altum

370 1144 642 1216 provectae
670 1142 1049 1198 continentem
1077 1134 1417 1217 petiverunt.
1985 1191 1993 1203 ,

448 1214 663 1276 Eadem
705 1223 868 1277 nocte
898 1214 1136 1292 accidit,
1164 1223 1229 1276 ut
1272 1222 1416 1277 esset
1455 1215 1592 1276 luna
1638 1222 1802 1295 plena
1817 1257 1840 1290 ‚
1869 1234 1995 1297 quae
2036 1214 2153 1277 dies
2167 1218 2215 1254 ⁴⁸

371 1294 683 1356 maritimos
709 1303 878 1357 aestus
902 1294 1179 1357 maximos
1193 1296 1241 1334 '0⁸
1273 1294 1336 1355 in
1372 1295 1594 1357 Oceano
1620 1294 1842 1356 efficere
1875 1294 2164 1356 consuevit
2194 1313 2210 1357 ε

370 1373 684 1455 nostrisque
709 1373 768 1434 id
795 1382 915 1435 erat
934 1374 1288 1456 incognitum
1302 1374 1370 1434 ⁸⁸.
1397 1376 1467 1434 In
1498 1393 1614 1434 uno
1642 1381 1897 1454 tempore
1931 1382 1987 1435 et
2022 1375 2219 1456 longas

369 1473 535 1514 naves
539 1498 560 1528 ,
581 1453 787 1534 quibus
814 1455 1000 1515 Caesar
1019 1453 1332 1515 exercitum
1366 1452 1865 1533 transportandum
1898 1462 2217 1529 curaverat,

370 1552 617 1623 quasque
639 1532 698 1593 in
719 1532 946 1594 aridum
966 1532 1346 1605 subduxerat,
1367 1540 1537 1592 cestus
1557 1531 1910 1611 complebat3
1934 1539 1990 1591 et
2017 1551 2214 1593 onera-

368 1632 506 1688 riaS,
537 1632 663 1692 quae
683 1610 758 1690 ad,
775 1612 1051 1672 anchoras
1070 1617 1231 1671 erant
1255 1609 1366 1670 deli
1408 1616 1537 1685 atae,
1560 1616 1864 1689 tempestas
1885 1609 2211 1672 afflictabat.

370 1692 565 1771 Neque
585 1692 703 1751 ulla
729 1688 935 1750 nostris
962 1690 1197 1751 facultas
1218 1696 1318 1750 aut
1339 1709 1374 1750 a
1413 1687 1771 1761 ministrandi
1792 1695 1893 1748 aut
1913 1687 2217 1750 auxiliandi

368 1769 631 1830 dabatur.
657 1769 1059 1851 Compluribus
1079 1767 1321 1829 navibus
1340 1766 1557 1842 fractiS,
1581 1765 1811 1847 reliquae
1831 1787 2014 1857 quum
2035 1777 2219 1828 essent

368 1849 600 1909 funibus
605 1894 625 1925 ,
648 1848 907 1909 anchoris
938 1846 1280 1930 reliquisque
1300 1846 1667 1908 armamentis
1688 1845 1934 1921 amissis,
1957 1847 2026 1907 ad
2049 1847 2215 1907 navi—

370 1928 620 2009 gandum
664 1928 917 2004 inutiles,
947 1947 1179 2007 magna,
1222 1927 1282 1987 id
1323 1925 1475 2008 quod
1519 1945 1742 1987 necesse
1781 1939 1903 1986 erat
1940 1925 2217 2002 accidere,

370 2007 545 2068 totius
584 2007 861 2082 exercitus
902 2004 1246 2087 perturbatio
1289 2007 1434 2068 facta
1472 2012 1577 2067 est.
1623 2007 1816 2087 Neque
1856 2004 2013 2066 enim
2051 2026 2218 2069 naves

370 2093 534 2148 erant
573 2086 722 2161 aliae,
771 2085 975 2176 quibus
1016 2084 1289 2165 reportari
1334 2092 1558 2166 possent
1575 2100 1594 2162 3
1644 2094 1699 2146 et
1730 2082 1922 2146 omnia
1947 2084 2214 2162 deerant,

370 2185 499 2246 quae
540 2166 611 2227 ad
652 2165 982 2226 reficiendas
1008 2185 1101 2226 eas
1137 2164 1265 2226 usui
1304 2174 1471 2241 sunt3
1504 2172 1561 2225 et
1593 2164 1746 2245 quod
1780 2164 2047 2226 omnibus
2073 2186 2223 2227 con-

370 2244 551 2307 stabat
571 2244 823 2307 hiemare
844 2244 903 2305 in
926 2244 1105 2306 Gallia
1124 2253 1407 2326 oportere,
1426 2246 1783 2308 frumentum
1806 2242 1894 2305 his
1917 2243 1977 2305 in
1999 2244 2134 2306 locis
2156 2245 2217 2305 in

372 2323 620 2385 hiemem
649 2325 939 2404 provisum
962 2346 1076 2386 non
1096 2334 1236 2385 erat.

452 2403 672 2473 Quibus
717 2404 887 2463 rebus
925 2403 1159 2484 cognitis
1173 2448 1193 2479 ,
1235 2402 1518 2484 principes
1564 2402 1870 2464 Britanniae
1888 2446 1908 2477 ,
1952 2423 2051 2482 qui
2093 2411 2223 2481 post

371 2480 636 2571 praelium
656 2480 726 2541 ad
754 2502 843 2556 ea,
866 2501 990 2573 quae
1018 2482 1260 2562 jusserat
1282 2483 1491 2558 Caesar,
1516 2482 1770 2543 facienda
1803 2489 2221 2556 convenerant,

370 2569 523 2621 mter
549 2581 607 2621 se
634 2562 889 2621 collocuti
907 2606 929 2636 ,
964 2582 1145 2645 quum
1171 2560 1412 2643 equites,
1445 2569 1502 2623 et
1538 2580 1732 2634 naves,
1768 2567 1825 2618 et
1860 2560 2216 2620 frumentum

372 2639 644 2701 Romanis
684 2640 871 2701 deesse
912 2640 1327 2723 intelligerent3
1371 2651 1426 2701 et
1464 2639 1805 2720 paucitatem
1854 2635 2105 2697 militum
2151 2659 2217 2698 ex

372 2727 684 2780 castrorum
702 2719 1004 2801 exiguitate
1024 2726 1424 2800 cognoscerent
1439 2735 1458 2795 3
1491 2736 1616 2798 quae
1650 2717 1757 2777 hoc
1772 2716 1817 2753 '0⁸
1854 2723 2013 2776 erant
2045 2718 2221 2780 etiam

372 2799 714 2879 angustiora,
737 2797 889 2879 quod
922 2798 1041 2859 sine
1074 2795 1497 2878 impedimentis
1531 2796 1717 2858 Caesar
1754 2793 1997 2876 legiones
2028 2805 2207 2858 trans»

372 2887 686 2957 portaverat
719 2896 735 2939 :
761 2878 1046 2958 optimum
1067 2879 1222 2938 factu
1241 2897 1362 2937 esse
1382 2876 1694 2952 duxerunt,
1724 2875 2027 2937 rebellione
2046 2877 2213 2953 facta,

424 3078 471 3114 ³⁹
502 3078 605 3127 Quo
647 3079 812 3134 equites
838 3077 1143 3127 sustulerant,
1171 3082 1268 3122 mot
1319 3078 1440 3131 lune,
1460 3091 1483 3117 ›
1503 3077 1784 3121 observation
1810 3079 1977 3120 exacte.

374 3130 404 3175 ὲ
420 3136 541 3176 mot:
563 3148 586 3171 α
601 3135 676 3186 qui
695 3133 871 3175 avaient
887 3130 1084 3186 emporte
1109 3133 1178 3174 les
1195 3144 1269 3176 ca·
1375 3129 1421 3166 *ὅ
1448 3130 1713 3175 Maritimos
1733 3134 1857 3172 estus
1871 3130 2098 3182 maximos,
2117 3142 2138 3166 α
2150 3129 2223 3171 les-
2260 3151 2270 3158 ,

375 3186 545 3232 veliem,
566 3202 589 3227 ›
620 3187 676 3231 οὺ
692 3187 738 3229 la
758 3186 973 3229 cavalerie
1000 3184 1147 3229 s’etait
1174 3198 1269 3228 em-
1319 3186 1419 3240 plus
1439 3186 1574 3228 fortes
1594 3182 1779 3227 mardes.
1805 3199 1827 3223 ι
2068 3232 2077 3244 ι
2117 3234 2125 3243 ·

376 3238 585 3292 barquee.
1379 3236 1426 3270 ⁸⁸
1452 3237 1750 3293 Incoqnitum.
1785 3234 1911 3279 Dans
1935 3236 1981 3278 la
2007 3234 2217 3292 Mediter-

428 3289 473 3325 '00
500 3290 576 3334 Eoe
595 3294 827 3345 superiore
849 3294 1001 3345 portu.
1025 3291 1146 3344 Voy.
1169 3292 1270 3346 plus
1325 3289 1460 3334 ranee
1491 3292 1535 3333 le
1567 3293 1657 3355 {lux
1683 3293 1752 3331 est
1784 3287 1812 3330 ὸ,
1840 3290 1973 3352 peine
2003 3284 2213 3329 sensible.

378 3344 1046 3445 Μῧέἓεέαὲῗὶῖξὲῖἇῖτὲὴιψη
1065 3410 1088 3435 «
1101 3377 1273 3441 etaient
1326 3344 1739 3449 {3125‘3203‘32‘32
1764 3346 1972 3435 ‘ffffeeffi
1985 3340 2220 3452 302323122

378 3461 435 3493 en
457 3461 541 3492 vue
563 3452 621 3493 du
641 3463 781 3503 camp.
804 3465 827 3491 ›
1324 3450 1393 3491 les
1420 3447 1604 3493 Gaulois
1631 3447 1856 3492 n'avaient
1881 3458 1938 3488 eu
1967 3442 2100 3495 garde
2129 3439 2157 3479 d
2171 3450 2213 3477 aa·

429 3500 475 3536 *Ξ
501 3501 679 3551 Insulae,
698 3506 913 3546 sous-ent.
936 3501 1213 3545 Britannias.
1326 3503 1459 3549 vertir
1474 3500 1623 3544 Ce‘sax.

431 3554 476 3608 9⁸
508 3554 610 3605 Qua
625 3556 729 3609 dies,
758 3569 780 3593 c
794 3557 837 3600 le
849 3557 953 3610 jour
978 3556 1034 3598 de
1056 3556 1103 3599 la
1119 3557 1270 3609 pleine
1379 3552 1426 3588 ¹00
1454 3552 1571 3601 Hoc.
1589 3564 1699 3606 pour
1716 3560 1762 3591 ⁰⁰
1786 3551 1899 3603 ’Ῥω
