2525 3984
954 156 1502 217 NARRA‘rioNEs.
1613 236 1620 243 ,
1899 116 1906 124 ’
2033 159 2147 221 235

310 286 646 368 capitoninus
686 285 956 348 exercitus
1018 285 1350 347 stationibus
1385 284 1700 366 vigiliisque
1741 288 1942 360 fesSUS,
1975 307 2151 367 supe-

314 366 448 428 ratis
467 375 657 435 tamen
677 365 941 426 humanis
967 365 1230 426 omnibus
1257 364 1422 426 malis
1437 366 1509 440 ³⁰,
1533 384 1713 445 quum
1739 365 1950 425 samem
1971 386 2150 426 uuam

312 453 517 507 natura
534 445 683 506 vinci
703 466 816 505 non
840 445 1045 506 sineret
1060 461 1080 522 3
1106 443 1258 505 diem
1294 444 1363 504 de
1393 443 1484 505 die
1519 451 1899 524 prospectam,
1933 445 2149 525 ecquod

312 524 585 585 auxilium
636 524 722 585 ab¹
755 523 1027 585 dictatore
1079 531 1371 613 appareret
1386 539 1407 599 3
1457 533 1739 603 postremo
1785 543 1881 603 spe
1926 544 2151 604 quoque

306 609 454 682 jam,
482 624 595 664 non
617 605 802 664 solum
833 603 984 680 cibo,
1012 602 1330 678 deficiente,
1353 609 1431 679 et,
1462 622 1642 683 quum
1670 601 1930 662 stationes
1959 623 2152 683 proce-

311 682 509 744 derent
522 685 591 760 ⁸⁷,
632 703 806 763 prope
846 681 1215 744 obruentibus
1247 680 1544 741 infirmum
1578 700 1782 761 corpus
1816 680 1990 742 armis
2006 727 2024 758 ,
2074 683 2150 743 rel

312 760 440 821 dedi
460 764 547 825 vel
578 762 782 822 redimi
810 782 892 838 se,
928 781 1172 843 quacum
1253 781 1285 822 e
1316 759 1571 842 pactione
1606 765 1865 840 possent,
1896 759 2065 841 jussit
2077 762 2150 836 ³⁸,

308 840 648 919 jactantibus
661 843 707 878 ⁸⁹
745 861 861 901 non
892 841 1127 902 obscure
1217 839 1338 900 allis
1371 838 1524 903 haud
1564 859 1771 919 magna
1809 838 2067 900 mercede
2094 860 2153 900 se

312 918 516 979 adduci
538 939 698 999 posse
722 928 787 979 ut
808 918 1156 980 obsidionem
1174 918 1517 1000 relinquant.
1548 920 1697 978 Tum
1732 926 1956 979 senatus
1976 918 2154 979 habi-

312 1005 405 1057 tus
410 1042 430 1072 ,
445 997 799 1080 tribunisque
820 997 1072 1059 militum
1095 998 1387 1079 negotium
1407 996 1604 1058 datum
1624 1005 1690 1057 ut
1712 997 2147 1078 paciscerentur.

315 1076 453 1138 Inde
488 1076 635 1137 inter
669 1080 739 1150 Q.
791 1075 1108 1157 Sulpicium
1148 1076 1443 1138 tribunum
1481 1076 1732 1138 militum
1763 1085 1820 1137 et
1855 1079 2149 1138 Brennum

312 1156 578 1234 regulum
620 1157 912 1217 Gallorum
960 1157 1101 1218 collo
1141 1154 1236 1219 uio
1281 1163 1559 1218 transacta
1597 1176 1687 1218 res
1724 1164 1809 1217 est
1829 1200 1850 1231 ,
1892 1162 1949 1216 et
1994 1156 2151 1218 mille

313 1234 498 1314 pondo
532 1234 657 1296 auri
733 1234 941 1297 retium
978 1178 1172 1317 poptffli
1206 1235 1466 1317 gentihus
1497 1256 1630 1296 mox
1655 1233 1989 1315 imperaturi
2027 1236 2154 1295 fac-

314 1320 438 1373 tum
453 1315 521 1389 Ψ.
552 1314 655 1375 Rei
698 1315 1001 1377 oedissimae
1027 1336 1128 1396 per
1154 1336 1214 1376 se
1238 1314 1456 1396 adjecta
1486 1313 1792 1395 indignitas
1827 1321 1911 1375 est
1947 1332 1962 1374 :
2040 1335 2152 1374 on-

313 1391 446 1454 dera
468 1392 538 1453 ab
558 1393 730 1455 Gallis
750 1395 919 1455 allata
937 1392 1015 1453 ini
1099 1414 1133 1454 a
1146 1395 1215 1470 ⁴¹,
1232 1402 1319 1469 et,
1340 1393 1570 1455 tribuno
1589 1400 1905 1469 recusante,
1927 1393 1995 1454 ad
2038 1393 2149 1454 itus

312 1470 385 1532 ab
423 1469 695 1533 insolente
723 1473 882 1534 Gallo
911 1492 1023 1553 pon
1062 1471 1143 1532 eri
1181 1472 1437 1553 gladius3
1466 1471 1768 1553 auditaque
1801 1470 2152 1532 intoleranda

313 1549 584 1614 Romanis
607 1571 711 1610 vox
734 1569 750 1612 ε
784 1573 815 1610 α
833 1553 932 1612 Vae
954 1550 1292 1617 victisesse!
1323 1572 1353 1609 ›)

389 1628 501 1689 Sed
542 1626 733 1711 diique
779 1636 836 1690 et
882 1627 1142 1690 homines
1195 1627 1534 1709 prohibuere
1598 1628 1917 1709 redemptos
1966 1629 2152 1689 vivere

314 1710 598 1770 Romanos
626 1726 643 1769 z
678 1727 815 1770 nam
850 1708 991 1770 forte
1054 1706 1287 1782 uadam,
1315 1706 1646 1788 priusquam
1677 1706 1908 1768 infanda
1938 1727 2151 1768 merces

313 1787 675 1866 perficeretur
693 1788 737 1823 ¹⁵²
755 1831 777 1862 ,
844 1808 948 1867 per
1005 1807 1038 1847 a
1060 1785 1425 1848 tercationem
1472 1785 1738 1849 nondum
1796 1785 1951 1846 omni
2013 1807 2151 1847 auro

312 1885 347 1925 a
424 1886 557 1928 enso
569 1911 589 1942 ,
612 1865 848 1928 dictator
867 1865 1191 1941 intervenit,
1206 1864 1527 1946 auferrique
1547 1885 1753 1926 aurum
1774 1864 1843 1926 de
1868 1864 2079 1940 medie,
2096 1874 2152 1925 ct

314 1887 500 2006 Gigfflos
526 1944 849 2007 submoveri
870 1945 1055 2026 jubet.
1091 1946 1286 2017 Quum
1312 1942 1395 2004 illi
1433 1943 1734 2005 renitentes
1770 1952 1960 2026 pactos
1992 1945 2152 2005 dice-

313 2031 439 2083 rent
491 2026 689 2100 sese⁸⁸‚
744 2045 814 2084 ne
853 2032 910 2085 at
952 2044 1078 2084 eam
1121 2022 1439 2104 pactionem
1489 2031 1672 2084 ratam
1691 2023 1738 2060 '⁵¹'
1785 2044 1936 2100 esse,
1985 2043 2111 2113 quae
2128 2067 2148 2098 ‚

312 2109 611 2183 postquam
650 2102 771 2184 ipse
836 2109 1032 2165 ictator
1057 2110 1275 2165 creatus
1311 2110 1477 2178 esset,
1513 2101 1732 2184 injussu
1763 2123 1865 2163 suo
1900 2104 1971 2164 ab
1999 2104 2151 2163 mse-

311 2180 477 2242 rioris
504 2181 651 2261 juris
678 2181 1011 2264 magistratu
1044 2183 1192 2244 facta
1225 2188 1368 2243 esset
1382 2197 1403 2260 3
1441 2181 1846 2263 denuntiatque
1885 2181 2058 2244 Gallis
2085 2191 2150 2241 ut

314 2279 373 2319 se
405 2260 474 2320 ad
508 2260 769 2342 praelium
799 2261 1133 2342 expediant:
1165 2281 1296 2322 suos
1328 2258 1390 2321 in
1416 2281 1681 2322 acervum
1717 2259 1992 2344 conjicere
2022 2282 2149 2322 sar-

314 2337 493 2415 cinas,
520 2346 576 2400 et
594 2360 755 2402 arma
767 2349 982 2423 aptare,
996 2342 1256 2423 ferroque
1274 2360 1389 2401 non
1403 2361 1540 2402 auro
1562 2361 1891 2421 recuperare
1906 2340 2146 2421 patriam

307 2416 506 2496 jubet3
525 2416 585 2477 in
605 2427 902 2499 conspectu
916 2419 1184 2480 habentes
1198 2420 1330 2480 fana
1340 2418 1536 2495 deum,
1552 2426 1607 2479 ct
1627 2420 1914 2500 conjugeS,
1936 2428 1991 2479 et
2011 2418 2148 2478 libe-

309 2516 404 2556 ros
421 2540 442 2571 ‚
483 2504 539 2556 et
566 2497 750 2557 solum
784 2496 979 2576 patriae
1016 2498 1266 2559 deforme
1292 2497 1424 2559 belli
1466 2500 1672 2570 malisn,
1708 2506 1766 2558 et
1794 2497 1986 2558 omnia
2023 2515 2147 2576 quae

311 2573 536 2636 defendi
578 2573 864 2656 repetique
901 2584 957 2637 et
996 2575 1188 2637 ulcisci
1218 2578 1302 2638 fas
1324 2576 1416 2638 sit.
1448 2576 1683 2638 Instruit
1707 2575 1909 2638 deinde
1941 2573 2146 2649 aciem,
2235 2603 2241 2609 ·

367 2705 413 2741 ³⁶
440 2706 668 2752 Humanis
699 2706 937 2758 monades
957 2722 1088 2753 maux
1119 2721 1203 2763 que
1313 2708 1358 2742 ³⁹
1385 2706 1666 2752 Iactantibus
1686 2737 1699 2761 ,
1744 2722 1768 2747 e
1811 2706 2062 2763 rependant
2101 2711 2145 2753 le

313 2758 516 2805 l‘homme
538 2765 647 2815 peut
663 2767 934 2823 supportet.»
1256 2762 1389 2804 bruit.
1411 2776 1434 2799 ›

368 2811 413 2847 ³⁷
446 2812 591 2860 Quum
630 2815 850 2857 statzones
886 2812 1201 2869 procederent.
1313 2812 1357 2846 ⁸⁰
1390 2812 1593 2856 Pretium
1639 2811 1799 2876 populi
1831 2812 2022 2871 sactum,
2059 2819 2142 2859 eto.

315 2861 572 2910 Gronovius
583 2868 750 2910 entend
775 2879 798 2904 ‹
816 2866 1065 2909 commetes
1080 2869 1203 2908 tours
1260 2878 1284 2903 ι
1302 2864 1371 2909 On
1386 2863 1538 2910 evalua
1557 2864 1584 2908 ὲ
1595 2866 1718 2910 nulle
1732 2867 1864 2909 livi-es
1879 2872 2038 2920 posunt
2055 2868 2146 2911 d’or

316 2918 373 2960 de
391 2920 523 2971 garde
544 2931 593 2962 se
613 2919 946 2962 reneuvelaient
958 2929 1062 2961 sans
1080 2929 1204 2961 cesse
1260 2916 1458 2970 (environ
1474 2919 1623 2970 88,000
1634 2919 1705 2973 tr.)
1716 2931 1774 2962 un
1788 2920 1948 2974 peuple
1958 2921 2098 2975 qui...;
2121 2936 2143 2961 2

315 2969 1204 3078 ἓὲῗοΐιῖῗῆἆαεῖςοέἕὲὶΐέεᾶιῗέἳηιιίτῖἳὲῗ
1256 2970 1801 3082 ρὴξῗεῖῗηῃᾶἒέιῗὶνῗᾶιᾳηα
1818 3050 1831 3065 .
1881 3038 1903 3062 α
1957 3025 2011 3065 de
2060 3024 2160 3065 saux

315 3076 456 3119 tation
473 3105 485 3128 ,
508 3081 605 3121 tout
636 3075 898 3131 ingeniouse
924 3081 972 3120 et
1004 3073 1202 3130 appuyee
1261 3072 1403 3126 polda-
1426 3088 1448 3111 n

316 3127 580 3183 d‘exemples
604 3130 763 3193 qu’etle
784 3135 867 3182 est,
894 3141 1006 3172 nous
1033 3129 1202 3172 semble
1310 3128 1357 3160 δ’
1379 3127 1647 3184 Priusquam
1661 3135 1858 3187 infanda
1870 3140 2028 3174 merces
2038 3141 2146 3193 per-

313 3178 475 3223 forceo.
502 3181 627 3225 Nous
650 3182 877 3237 prefe‘rons
902 3183 945 3225 le
972 3193 1075 3225 sens
1100 3193 1205 3236 pro·
1247 3178 1482 3237 ficeretur,
1516 3195 1539 3220 ‹
1557 3187 1689 3225 avant
1725 3194 1811 3236 que
1846 3186 1919 3225 cet
1957 3183 2143 3242 indigno

315 3230 423 3285 pose
455 3245 533 3287 par
555 3234 753 3289 Doering
782 3240 828 3278 et
854 3234 1168 3278 Drakenborch
1188 3247 1200 3277 ε
1255 3232 1429 3279 marche
1454 3232 1522 3277 fut
1541 3237 1710 3286 conclu,
1728 3251 1751 3274 2
1779 3233 1846 3277 tot
1865 3247 2114 3295 consumme
2127 3246 2140 3293 ς,

316 3296 339 3320 ‹
357 3288 506 3350 quand
520 3288 588 3330 les
603 3288 801 3331 hommes
816 3289 873 3330 de
888 3288 1021 3340 garde
1037 3287 1204 3330 s’ache-
1257 3291 1390 3329 avant
1423 3298 1508 3341 que
1533 3291 1656 3329 toute
1683 3288 1730 3329 la
1754 3299 1920 3332 somme
1960 3286 2036 3329 eut
2069 3290 2140 3327 ete

314 3343 530 3454 ᾆηιιιῃξξῖξίθὰῃει
538 3342 929 3445 ἔεθῖἒιιξεαξιὲῗεῗ
943 3337 1202 3435 ὶοξξεαᾶξνόἓ
1254 3338 1596 3463 Ρθῗέθὺίσεηοπι
1609 3403 1696 3435 sese
1705 3394 1879 3446 pactos,
1903 3401 1927 3427 ι
1950 3388 2144 3430 disaient

314 3443 1203 3552 mggqffzsusltiffsglgpossgiiteendedapitolinus
1256 3445 1359 3529 quffl
1424 3446 1559 3544 ἐξὲξ,
1568 3449 1806 3548 gagg-nze,
1825 3507 1848 3532 2
1867 3497 1927 3544 et,
1943 3502 2024 3544 pa:
2039 3500 2144 3532 eou-

316 3548 527 3594 e-verciius
1255 3548 1457 3604 sequent,
1477 3546 1706 3602 reguliere.
