2525 3984
1024 140 1579 202 NARRATIONES.
2111 147 2221 206 197

379 286 530 337 tores
556 272 756 335 hahuit
770 317 791 348 ,
844 269 1152 332 exercitum
1201 290 1508 331 romanum
1543 269 1693 332 eirca
1735 270 1980 333 Arretii⁸
2014 275 2228 337 moenia

373 373 519 416 esse.
569 351 829 416 Consulis
868 349 1071 411 deinde
1105 349 1339 411 consilia
1377 357 1544 431 atque
1582 349 1848 410 animum
1864 351 1910 427 ⁴,
1952 358 2006 412 et
2052 352 2225 414 situm

381 432 681 513 regionum
706 430 1027 512 itineraque
1048 437 1104 490 et
1130 429 1319 510 copias
1342 428 1412 490 ad
1441 438 1788 490 commeatus
1816 429 2186 510 expediendos
2203 479 2224 510 ,

382 521 439 571 et
466 519 679 586 cetera,
706 530 837 590 quae
876 529 1143 591 cognosse
1165 508 1224 568 in
1260 528 1385 569 rem
1416 508 1592 585 erat⁸,
1622 528 1849 570 summa
1874 510 2071 571 omnia
2096 532 2230 573 cum

386 610 520 654 cura
543 589 885 671 inquirendo
904 588 1368 669 exsequebatur⁸.
1400 587 1576 668 Regio
1600 587 1800 649 eratin
1824 588 2027 670 primis
2056 592 2228 654 Italiae

375 669 624 734 fertilis:
655 668 866 730 etrusci
902 668 1127 749 campi,
1171 665 1271 759 qui
1312 668 1590 728 Foesulas⁷
1634 667 1775 729 inte&
1826 668 2230 751 Arretiumque

273 792 277 797 -
371 752 589 825 jacent,
621 748 895 809 frumenti
929 768 994 809 ae
1027 767 1269 828 pecoris,
1296 753 1352 806 et
1380 746 1644 807 omnium
1670 744 1833 828 copia
1857 768 2051 809 rerum
2079 769 2231 831 opu-

380 827 541 888 lenti.
596 829 805 890 Consul
853 829 1006 889 ferox
1062 827 1133 888 ab
1183 826 1478 888 consulatu
1539 826 1749 907 priore,
1797 835 1855 887 et
1902 848 2017 888 non
2060 830 2230 891 modo

381 909 579 986 legum
610 926 675 968 ac
710 916 939 987 patrum
971 905 1279 987 majestatis
1290 950 1312 983 ,
1345 904 1441 966 sed
1470 926 1542 965 ne
1572 905 1811 968 deorum
1838 905 2068 987 quidem
2100 908 2231 970 satis

385 992 667 1046 metuens.
709 988 869 1047 Hanc
910 985 1141 1046 insitam
1170 983 1399 1066 ingenio
1427 986 1549 1066 ejus
1578 984 1955 1047 temeritatem
1979 988 2229 1065 fortuna,

425 1084 654 1145 rospero
707 1064 971 1125 civilibus
1014 1063 1340 1145 bellicisque
1402 1065 1571 1126 rebus
1635 1084 1892 1126 successu
1913 1111 1934 1143 ‚
1991 1068 2227 1128 aluerat.

385 1084 581 1225 ftaque
614 1143 746 1205 satis
776 1146 1111 1225 apparebat,
1147 1164 1252 1205 nec
1288 1144 1419 1206 deos
1423 1189 1443 1221 ,
1486 1164 1592 1206 nec
1633 1144 1896 1206 homines
1925 1148 2232 1207 consulen-

379 1232 520 1299 tem,
562 1224 826 1284 ferociter
872 1224 1069 1285 omnia
1112 1243 1178 1284 ac
1232 1244 1588 1304 praepropere
1641 1231 1907 1285 acturum
1946 1241 1963 1286 τ
2009 1245 2233 1306 quoque

419 1301 613 1363 ronior
666 1312 809 1363 esset
854 1301 916 1363 in
948 1302 1087 1365 vitia
1141 1322 1245 1364 sua
1258 1306 1308 1379 ⁸,
1354 1302 1570 1384 agitare
1626 1323 1761 1364 eum
1808 1311 1975 1385 atque
2005 1302 2233 1366 irritare

427 1400 591 1442 oenus
615 1391 776 1463 parat
790 1398 810 1458 3
840 1390 895 1443 et
917 1383 1057 1442 loeva
1080 1381 1280 1443 relicto
1306 1383 1486 1458 hoste,
1512 1383 1756 1443 Faesulas
1785 1391 2013 1463 petens,
2042 1383 2232 1445 medio

382 1460 630 1521 Etruriae
682 1480 817 1542 agro
869 1460 1184 1541 praedatum
1230 1463 1514 1541 profectus
1518 1506 1538 1535 ,
1584 1470 1862 1541 quantum
1919 1463 2233 1523 maximam

383 1537 701 1678 vastitgtem
754 1546 958 1619 potest,
1019 1538 1269 1605 caedibus
1322 1538 1709 1619 incendiisque
1767 1541 1981 1600 consuli
2035 1543 2277 1621 procul·

375 1625 540 1679 osten
584 1628 647 1678 ιι.

465 1696 779 1758 Flaminius
792 1741 814 1772 ,
850 1694 950 1777 qui
991 1714 1064 1757 ne
1110 1694 1302 1776 quieto
1329 1686 1560 1777 quidem
1601 1696 1760 1757 hoste
1786 1694 1907 1777 ipse
1975 1696 2233 1762 uieturus

377 1784 528 1852 erat,
549 1784 677 1836 tum
700 1796 857 1852 ver0,
882 1783 1245 1855 posteaquam
1273 1794 1363 1836 res
1382 1775 1669 1839 sociorum
1696 1782 1824 1836 ante
1847 1795 1953 1837 ocu
1975 1796 2036 1837 os
2059 1796 2234 1858 prope

384 1875 513 1916 suos
531 1856 666 1915 ferri
696 1854 937 1937 agique⁹
961 1853 1134 1930 vidit,
1152 1874 1325 1915 suum
1342 1853 1399 1913 id
1417 1854 1659 1915 dedecus
1679 1864 1835 1916 ratus
1862 1875 1962 1934 per
1982 1855 2232 1917 mediam

380 1954 499 2023 Jam
544 1934 769 1996 ltaliam
807 1934 998 2015 vagari
1041 1935 1286 1994 Poenum
1301 1977 1324 2009 ‚
1364 1942 1557 2015 atque,
1595 1933 1896 1994 obsistente
1937 1936 2118 2010 nullo,
2161 1935 2232 1996 ad
2322 1994 2327 2000 .

383 2033 507 2102 ipsa
515 2032 751 2075 romana
760 2012 1065 2075 moeniaire
1080 2012 1458 2093 oppugnanda
1477 2028 1498 2090 3
1520 2012 1719 2074 ceteris
1742 2013 2009 2075 omnibus
2031 2012 2091 2075 in
2102 2034 2234 2075 con-

384 2092 510 2152 eilio
531 2092 798 2153 salutaria
824 2092 1005 2173 magis
1023 2112 1197 2173 quam
1218 2091 1530 2181 speciosa¹⁰
1548 2092 1935 2168 suadentibuS,
1957 2094 2229 2183 collegam

380 2170 853 2252 exspectandum,
881 2178 948 2231 ut
982 2172 1298 2253 conjunctis
1326 2171 1694 2247 exercitibus,
1724 2171 2014 2232 communi
2037 2192 2230 2235 ammo

379 2249 727 2332 consilioque
780 2270 903 2311 rem
957 2257 1252 2330 gererent3
1309 2249 1542 2311 interim
1594 2250 1850 2333 equitatu
1895 2251 2118 2313 auxiliis
2157 2273 2230 2314 ue

382 2329 594 2390 levium
627 2349 922 2391 armorum
948 2330 1021 2390 ab
1048 2331 1225 2391 effusa
1250 2329 1540 2410 praedandi
1561 2329 1788 2391 licentia
1814 2331 2036 2391 hostem
2062 2350 2128 2392 co
2171 2332 2231 2390 i-

384 2407 661 2485 bendum,
691 2409 869 2471 iratus
896 2428 955 2469 se
995 2430 1063 2470 ex
1094 2408 1332 2470 concilio
1352 2409 1505 2490 prori
1547 2408 1659 2487 uit,
1690 2409 2029 2491 signumque
2055 2409 2224 2471 simul

385 2485 605 2548 itineris
653 2506 976 2579 pugnaeque
1015 2487 1308 2579 proposuit
1363 2505 1381 2550 ε
1425 2510 1457 2549 α
1545 2488 1646 2549 uin
1686 2489 1805 2549 imo
1846 2488 2058 2550 Arretii
2097 2498 2228 2551 ante

286 2595 290 2599 ·
385 2565 599 2628 moenia
618 2566 935 2644 sedeamus,
956 2575 1144 2649 inquit
1159 2570 1203 2605 ¹¹
1221 2583 1242 2645 3
1265 2567 1360 2629 hic
1380 2568 1534 2629 enim
1558 2567 1741 2648 patria
1753 2579 1810 2627 et
1824 2576 2050 2649 penates
2071 2578 2223 2630 sunt.

384 2644 629 2708 Annibal
656 2646 895 2709 emissus
926 2666 961 2708 e
986 2646 1250 2708 manibus
1279 2649 1681 2728 perpopuletur
1703 2647 1923 2709 Italiam
1940 2692 1961 2725 ,
1996 2650 2228 2709 vastan-

375 2724 567 2806 -doque
601 2734 658 2787 et
689 2726 904 2787 urendo
939 2726 1135 2787 omnia
1164 2726 1236 2787 ad
1271 2746 1509 2788 romana
1534 2725 1746 2787 moenia
1772 2727 2058 2807 perveniat
2083 2745 2098 2789 ε
2124 2747 2228 2790 nec

438 2874 460 2909 ⁸
487 2875 683 2928 Arretii,
727 2889 750 2914 «ι
781 2875 1017 2928 Arrettum,
1045 2889 1069 2915 2
1104 2878 1279 2932 auj0ur—
1331 2876 1438 2931 pied
1457 2878 1514 2921 de
1528 2874 1779 2931 l'Apennin.

388 2928 507 2971 tl'hui
523 2928 702 2980 Arezzo,
723 2929 823 2972 ville
843 2930 901 2971 de
926 2929 1142 2982 Tosoane,
1166 2932 1277 2974 dans
1384 2928 1407 2962 ⁸
1439 2928 1535 2976 Quo
1565 2930 1760 2985 pronior
1780 2933 1915 2983 νηοί,
1949 2937 2053 2981 em,
2089 2949 2105 2969 z
2129 2933 2225 2985 plus

388 2981 433 3023 18
453 2981 575 3023 riche
597 2982 749 3035 plaiae
768 2982 825 3024 de
842 2981 889 3023 la
905 2979 1088 3025 Chiana.
1329 2982 1364 3025 ss
1385 2984 1503 3026 avait
1532 2983 1588 3026 (le
1620 2989 1755 3037 pente
1789 2983 1818 3028 ὲ
1852 2996 1900 3027 Se
1931 2985 2085 3026 laissa
2117 2989 2225 3029 allm-

441 3030 463 3066 ⁸
489 3031 720 3085 Animum,
745 3034 791 3077 la
811 3034 1059 3090 dispostion
1079 3034 1276 3089 d'esprit,
1332 3047 1418 3078 aux
1437 3032 1608 3078 de'l'auts
1626 3038 1682 3080 de
1705 3047 1787 3079 son
1806 3037 1973 3081 caract-1¹2
1981 3053 2041 3077 w..
2065 3057 2081 3077 ‚

382 3086 429 3128 le
448 3084 605 3129 moral.
1385 3087 1407 3121 ⁹
1433 3087 1577 3132 Fem·
1605 3089 1783 3145 aqique.
1815 3088 1954 3133 Ferri
1985 3093 2077 3133 cluit
2113 3093 2223 3133 5²:211*

440 3137 462 3170 ⁵
494 3136 597 3185 Qua
616 3149 823 3201 σορηοεεο
836 3139 887 3182 in
902 3151 996 3183 rem
1008 3141 1126 3190 erat,
1144 3151 1167 3177 c
1182 3144 1280 3183 tout
1330 3141 1489 3185 tendre
1541 3142 1599 3185 de
1650 3147 1797 3185 tontes
1842 3148 1985 3186 sortes
2037 3145 2224 3197 erutus-ts

388 3204 439 3233 ee
456 3191 558 3245 qu'il
580 3192 643 3233 lui
660 3194 885 3246 impet-tait
914 3194 971 3237 de
989 3191 1229 3237 connaltre.
1253 3210 1277 3234 ι
1332 3194 1461 3248 qu’on
1481 3199 1588 3249 peut
1609 3201 1854 3249 ‹importet-3
1885 3200 1961 3250 ayt
1981 3197 2221 3249 stuppli-gne

387 3243 658 3299 Expression
671 3246 867 3289 livienne
897 3259 995 3301 voy.
1011 3248 1087 3290 liv.
1104 3258 1138 3294 1.
1153 3258 1191 3289 c.
1206 3247 1278 3290 27:
1331 3248 1429 3301 plus
1448 3246 1849 3300 particulierement
1865 3260 1947 3291 aux
1969 3257 2173 3301 nmquam
2185 3261 2201 3289 κ
2213 3277 2225 3289 .

420 3309 481 3338 ua
515 3295 731 3345 Fortuna
757 3311 849 3341 rem
938 3302 1030 3349 ret,-
1072 3300 1253 3344 aineurs
1388 3299 1432 3333 ¹⁰
1461 3298 1697 3343 salutaria
1710 3300 1851 3357 ’παρὰ
1869 3313 1997 3358 quum
2013 3317 2217 3353 „spat-evm,

406 3381 417 3391 .
439 3362 544 3401 xxv,
564 3351 619 3393 32
635 3362 646 3392 ε
665 3362 757 3393 non
776 3349 833 3394 ab
847 3362 897 3396 re
912 3352 1031 3406 esse).
1333 3366 1357 3392 ‹
1378 3353 1523 3405 plutot
1558 3354 1636 3395 des
1665 3365 1862 3397 mesmes
1900 3356 1957 3397 de
1989 3361 2101 3393 [aasz
2137 3369 2217 3409 qm·

441 3402 463 3435 ⁶
490 3403 845 3461 Exsequebatm‚
889 3417 911 3443 1
944 3407 977 3449 il
1018 3407 1180 3449 suivaIt
1220 3405 1278 3447 de
1334 3406 1414 3448 des
1433 3407 1603 3448 actions
1623 3404 1793 3449 d’eclat.
1813 3421 1836 3445 ι

389 3455 494 3497 l'oeil
530 3457 564 3498 ss
581 3454 784 3501 etudiait.
804 3473 827 3497 ι
1387 3456 1429 3490 1¹
1465 3456 1583 3504 Quin
1597 3458 1683 3499 imo
1699 3459 1870 3503 Arretii
1892 3465 2005 3509 anre,
2033 3470 2113 3501 [few.
2141 3461 2225 3501 [lt-s

441 3507 463 3532 '⁷
495 3507 703 3561 Faesulas,
750 3522 772 3547 ‹
806 3508 1005 3561 Fesuies,
1037 3524 1061 3548 x
1098 3510 1280 3563 aujonr-
1332 3510 1504 3563 pai-oles
1544 3511 1601 3553 de
1634 3509 1876 3554 Flaminius
1908 3521 2009 3555 som
2037 3513 2225 3553 elidem*

389 3559 507 3602 ‹rhui
536 3560 726 3606 Fiesole.
753 3564 858 3607 ville
889 3563 946 3605 de
977 3562 1177 3606 Toscane
1223 3574 1279 3604 au
1334 3566 1458 3605 ment
1475 3564 1714 3611 irontques.
