2525 3984
923 155 931 173 ‘
967 178 1518 239 Mammosas,
1730 156 1739 167 ’
2125 187 2164 244 5

324 337 536 379 munus
562 321 709 375 notae
737 320 794 373 et
811 312 1060 392 vulgaris
1088 311 1435 373 clementiae⁶
1462 312 1793 376 habuisset:
1823 315 1903 377 sic
1921 326 2161 392 servata,

323 395 528 456 nobilis
566 394 758 455 fabula
775 393 827 467 ⁷,
868 399 923 452 et
950 393 1274 471 exemplum
1313 390 1557 453 duarum
1586 392 1857 453 urbium⁸
1911 395 2041 457 fuit.
2096 399 2159 456 ln

323 483 481 536 tanta
506 470 832 536 confusione
853 480 1027 551 captae
1055 470 1319 546 civitatis,
1361 491 1540 552 quum
1562 471 1667 531 sibi
1698 472 1935 554 quisque
1962 465 2177 535 consu?

324 554 484 629 leret,
514 571 712 614 onmes
740 551 811 611 ab
837 550 935 611 illa
952 558 1163 641 praeter
1188 551 1504 631 transfugas
1524 552 1848 631 fugerunt&
1894 554 1969 613 At
1987 552 2047 614 hi
2054 598 2075 630 ,
2096 564 2157 615 ut

324 633 680 694 ostenderent
721 649 833 711 quo
873 648 1066 690 ammo
1107 630 1255 690 facta
1281 636 1424 690 esset
1462 629 1617 711 prior
1663 631 1767 688 illa'
1793 631 2089 709 transitio,
2128 653 2160 695 a

323 710 630 774 victoribus
650 709 721 772 ad
742 708 1024 790 captivam
1051 709 1473 789 transfugerunt
1490 752 1511 785 ,
1540 730 1839 790 personam
1859 711 2163 792 parricida-

323 811 456 853 rum
469 792 710 852 ferentes
725 790 794 848 ¹⁰.
824 788 989 861 Quod
1016 786 1077 848 in
1102 787 1201 849 illo
1226 786 1501 849 beneficio
1529 789 1847 850 maximum
1867 790 2000 866 fuit,
2023 791 2162 852 tanti

318 870 754 951 judicaverunt,
817 887 889 928 ne
928 866 1160 928 domina
1206 867 1556 928 occideretur
1572 913 1592 943 ,
1639 868 1818 932 videri
1871 869 2165 931 dominam

324 947 613 1010 occidisse.
653 949 778 1009 Non
814 955 920 1021 est,
962 945 1106 1008 mihi
1134 946 1322 1023 crede,
1359 967 1499 1022 non,
1527 946 1679 1024 dico,
1714 948 1930 1009 servilis
1957 948 2161 1024 animi,

324 1026 858 1186 εςτοςὶηηὲέαξωω
885 1027 1039 1087 fama
1065 1025 1287 1087 sceleris
1307 1025 1529 1087 emisse.
1564 1028 1808 1105 (Sanam
1823 1073 1845 1104 ,
1868 1033 1931 1088 de
1951 1031 2162 1107 Renes„

325 1127 412 1182 111,
439 1128 563 1184 cap.
592 1148 628 1167 ..
676 1151 690 1167 .

840 1377 1069 1433 5.-1.ts
1107 1369 1324 1431 rntnts
1363 1370 1654 1434 Putttuts.

326 1522 387 1564 La
402 1521 627 1565 nar-ration
644 1522 840 1564 suivante
864 1534 977 1565 nous
1003 1529 1245 1578 transpone
1262 1534 1322 1564 an
1345 1530 1480 1575 temps
1498 1521 1572 1563 des
1590 1519 1718 1564 luttes
1741 1521 1794 1563 de
1814 1521 2023 1578 Carthago
2044 1532 2087 1566 et
2114 1523 2168 1567 de

382 1579 572 1636 Cyrene:
591 1579 632 1621 la
647 1591 941 1622 concurr-enee
958 1577 1279 1628 commereiale,
1297 1590 1389 1620 non
1407 1577 1552 1620 moins
1571 1591 1655 1632 que
1671 1576 1712 1620 la
1727 1578 1923 1622 diver-site
1944 1578 2166 1635 d’origine‚

382 1636 496 1679 avait
526 1635 663 1678 forme
694 1643 819 1678 entre
840 1648 909 1676 cos
930 1632 1042 1679 deux
1063 1634 1183 1678 villes
1209 1647 1297 1676 une
1325 1632 1487 1676 rivalite
1514 1634 1589 1688 qui
1611 1647 1658 1677 se
1684 1634 1884 1677 traduisit
1909 1648 1964 1679 en
1993 1648 2166 1691 guerree

382 1691 564 1748 longues
595 1701 638 1734 et
670 1690 939 1746 sanglantes,
972 1690 998 1732 ὲ
1032 1704 1121 1734 une
1157 1688 1325 1747 epoque
1353 1689 1593 1733 anter-iente
1623 1703 1707 1732 aux
1798 1704 1911 1733 erres
1938 1692 2167 1746 puniques.

382 1749 531 1804 Quam
554 1752 581 1791 a
607 1748 841 1791 raventun-e
864 1749 1004 1790 meme
1019 1777 1032 1799 ‚
1056 1745 1172 1803 sajet
1198 1747 1253 1789 de
1280 1754 1385 1789 cette
1410 1746 1662 1798 narr-anion,
1685 1747 1717 1789 il
1786 1756 1835 1791 ut
1852 1761 1954 1791 sans
1973 1749 2104 1793 doute
2129 1750 2168 1792 la

382 1818 539 1905 δι’ἒῑιςοι·
568 1804 709 1904 {fului
752 1818 822 1902 ces·
849 1804 995 1903 tt‘iiibles
1026 1803 1255 1860 herolques
1292 1804 1398 1846 dont
1435 1812 1532 1846 tous
1565 1802 1628 1847 les
1666 1803 1842 1865 peuples
1878 1814 1956 1850 ont
1990 1808 2095 1848 orne
2131 1806 2172 1849 le

437 1875 564 1906 rceau
615 1876 638 1904 e
677 1874 756 1903 eur
794 1875 845 1903 ns
892 1873 966 1904 ure.
1779 1880 1791 1894 .

406 2002 533 2076 Qua
558 2008 888 2083 tempestate
916 2000 1403 2084 Carthaginienses
1419 1996 1689 2080 pleraque
1707 2000 1899 2060 Africa
1924 2001 2170 2082 imperi-

329 2080 562 2156 tabant,
603 2082 948 2161 Cyrenenses
976 2083 996 2118 ¹
1032 2090 1258 2163 quoque
1284 2077 1478 2160 magni
1504 2085 1672 2160 atque
1706 2099 1738 2139 o
1779 2078 1957 2141 ulenti
1982 2079 2160 2141 fuere.

326 2163 479 2241 Ager
496 2158 560 2219 in
579 2160 767 2221 medio
787 2180 1078 2237 arenosuS,
1093 2180 1209 2233 una
1227 2181 1253 2220 s
1295 2158 1446 2220 ecie¹
1471 2176 1488 2219 ε
1519 2178 1702 2239 neque
1764 2176 1962 2235 umen,
1983 2179 2165 2240 neque

329 2258 494 2300 mons
521 2248 664 2314 erat,
698 2238 796 2321 qui
833 2236 980 2301 smes'
1013 2250 1230 2300 eorum·
1287 2238 1625 2316 iscerneret3
1669 2257 1795 2320 quae
1833 2258 1923 2299 res
1963 2258 2057 2300 eos
2103 2238 2161 2297 in

329 2338 535 2399 magno
556 2318 936 2400 diuturnoque
961 2318 1108 2380 bello
1134 2318 1283 2379 inter
1303 2337 1362 2379 se
1385 2315 1608 2377 habuit.
1639 2312 1945 2403 Postqulm
1963 2316 2166 2377 utrim-

408 2416 440 2463 θ
465 2396 712 2478 legiones
727 2442 749 2473 ,
776 2394 917 2459 item
945 2398 1146 2459 classes
1180 2417 1326 2478 saepe
1359 2397 1498 2457 fusae
1524 2395 1840 2478 fugataeque
1855 2440 1877 2472 ‚
1911 2403 1968 2457 et
2003 2398 2162 2458 alteri

329 2494 364 2536 a
385 2483 533 2536 teros
559 2475 914 2557 aliquantum
940 2478 1270 2538 attriverant
1284 2521 1306 2552 ,
1331 2473 1496 2536 veriti
1531 2494 1604 2535 ne
1628 2495 1762 2536 mox
1779 2474 1956 2536 victos
1979 2473 2166 2534 vieto-

330 2573 531 2636 resque
555 2554 796 2616 defessos
832 2555 977 2618 alius
1016 2556 1435 2637 aggrederetur,
1477 2573 1579 2634 per
1616 2552 1872 2615 inducias
1904 2552 2167 2632 sponsio-

330 2653 464 2695 nem
491 2633 749 2710 faciunt,
785 2655 816 2694 c<
843 2633 928 2696 uti
956 2643 1107 2696 certo
1135 2635 1226 2695 die
1250 2632 1417 2715 legati
1438 2632 1609 2693 domo
1635 2631 2119 2712 proficiscerentur
2141 2647 2162 2707 3
2218 2689 2224 2696 ,

338 2732 369 2770 α
409 2733 520 2794 quo
547 2712 609 2773 in
634 2713 756 2774 loeo
776 2712 924 2774 inter
943 2733 1002 2774 se
1020 2713 1171 2776 obvii
1190 2713 1450 2788 fuissent,
1471 2710 1520 2770 is
1533 2708 1855 2771 communis
1871 2708 2166 2792 utriusque

338 2811 369 2849 (ι
409 2791 603 2872 populi
630 2791 758 2852 finis
783 2793 1108 2853 haberetur.
1133 2815 1176 2852 u

386 2974 408 3008 θ
436 2974 693 3018 Clementia
720 2976 945 3032 vulqaris,
970 2989 1009 3020 e.
1039 2975 1068 3019 ὲ
1094 2974 1139 3019 d.
1168 2973 1224 3019 ab
1332 2973 1377 3008 ¹⁰
1405 2974 1660 3029 Personam
1711 2975 2054 3033 parv-temeram
2087 2975 2165 3031 se-

333 3024 535 3071 hostibus
552 3028 602 3068 in
617 3027 765 3082 ipsam
782 3028 955 3071 collato
1278 3033 1431 3071 remes
1480 3040 1540 3072 m.
1565 3027 1596 3072 ὸ,
1615 3041 1676 3072 m·
1700 3031 1892 3084 ‹jouant
1917 3029 1962 3072 le
1986 3028 2081 3071 role
2108 3030 2166 3071 de

384 3079 405 3115 '1
433 3078 612 3124 Nobilis
631 3077 805 3136 sabula
822 3079 936 3138 fuit,
964 3081 1090 3125 «elle
1112 3085 1225 3124 atta·
1274 3059 1570 3135 pumilae»
1610 3093 1715 3125 sous
1743 3084 1923 3127 couleur
1957 3081 2015 3124 de
2048 3093 2166 3124 eom-

333 3131 415 3175 ὼν,
430 3143 512 3176 son
535 3142 642 3174 nom
664 3131 691 3176 ὰ
711 3145 800 3176 une
815 3135 952 3177 noble
977 3132 1019 3177 le
1077 3135 1182 3177 nde.
1200 3150 1222 3175 »
1277 3138 1435 3177 mettre
1467 3145 1535 3177 un
1666 3135 1793 3180 'oide.
1834 3135 2056 3179 L‘esolave
2089 3135 2165 3187 qui

385 3181 408 3218 ⁸
434 3184 647 3227 Duarum
672 3183 869 3231 urbium.
897 3185 983 3233 Ges
1037 3199 1125 3241 eux
1144 3187 1226 3230 vil·
1277 3188 1391 3228 tuait
1412 3198 1493 3237 son
1521 3144 1679 3231 m
1702 3187 1813 3232 etait
1844 3185 1997 3242 repnte
2026 3187 2165 3240 parri-

332 3236 399 3280 les
414 3249 475 3281 ne
498 3242 694 3292 penvent
714 3236 808 3281 ὁτι-ο
863 3252 920 3283 ue
934 3237 1225 3290 Grumentum
1277 3239 1392 3283 eide.

336 3289 552 3344 etRome,
565 3291 752 3344 puisque
773 3292 818 3334 le
891 3297 1129 3335 vouement
1143 3293 1224 3337 des
1329 3290 1460 3332 5.--1
1484 3289 1522 3335 C'
1552 3287 1996 3344 renemes‚‹cyrene
2016 3305 2040 3332 «ι
2075 3291 2161 3342 auj.

336 3344 530 3388 esclaves
558 3354 616 3386 en
644 3346 849 3397 question
881 3346 1000 3391 avait
1031 3356 1089 3388 eu
1114 3356 1226 3399 pour
1276 3341 1412 3388 curin
1428 3355 1487 3386 ou
1541 3343 1743 3397 rennah),
1762 3344 1867 3386 ville
1885 3343 1974 3386 del
2079 3354 2164 3396 que

335 3394 524 3441 temoins
538 3396 608 3439 les
622 3395 850 3439 habitante
864 3397 921 3440 de
932 3395 1225 3442 Grumentmn
1273 3398 1636 3450 septentrionale,
1663 3397 1853 3449 capitale
1879 3395 1937 3438 de
1961 3396 2009 3438 la
2031 3393 2165 3448 cyre-

336 3450 382 3488 οὲ
405 3449 474 3493 les
498 3448 713 3492 Romaim
739 3450 813 3503 qui
829 3449 1169 3503 Passiegeaient.
1275 3455 1452 3503 nmque,
1468 3449 1569 3503 pres
1586 3450 1707 3491 dela
1728 3448 1842 3491 eote.

394 3502 416 3537 Β
437 3500 614 3545 Frater
655 3501 934 3552 transmeat
977 3501 1221 3559 suqerunt.
1331 3501 1353 3533 ²
1385 3501 1488 3544 Una
1519 3501 1682 3566 specie,
1721 3511 1743 3535 ‹
1762 3500 1967 3541 n’offlant
2006 3497 2163 3549 qu’une

339 3552 507 3598 Eneore
525 3554 582 3596 de
598 3553 766 3608 l'esprit
781 3553 980 3609 deplaee.
1277 3555 1444 3596 surraee
1472 3552 1714 3608 umforme.
1731 3567 1752 3590 ι
