2525 3984
951 224 960 233 “
1001 207 1554 269 NARRATIONES.
2022 198 2028 203 ’
2085 212 2200 271 267

365 343 574 405 talenta
600 339 942 402 interfectori
971 339 1275 401 Alexandri
1306 339 1577 402 daturum
1608 359 1666 401 se
1692 339 2050 419 pronuntiari
2073 340 2206 421 jus-

364 423 567 500 serat);
604 419 819 501 itaque,
854 439 927 481 ne
961 440 1241 481 ausurum
1276 419 1509 501 quidem
1547 439 1892 501 quemquam
1932 419 2205 497 [arbitra-

362 500 572 562 bantur
580 502 649 578 ³¹]
675 498 917 580 experiri
936 498 1257 562 remedium
1276 499 1428 581 quod
1447 507 1677 580 propter
1695 507 2002 560 novitatem
2024 507 2222 580 posset

362 600 480 640 esse
505 599 599 640 sus
672 586 849 640 ctum.
983 605 990 612 ·
1098 612 1102 618 ·

441 660 579 720 Erat
599 600 756 720 iliter
784 657 1000 720 nobiles
1033 659 1285 721 medicos
1324 678 1356 721 e
1396 658 1721 721 Macedonia
1750 677 1943 740 regem
1980 667 2205 720 secutus

362 737 682 820 Philippus,
709 736 938 799 natione
958 740 1220 800 Acarnan
1234 742 1308 816 ’²,
1331 738 1480 800 fidus
1503 738 1815 800 admodum
1837 735 1957 818 regi
1988 756 2004 799 :
2029 757 2205 819 puero

361 837 549 878 comes
581 824 640 878 et
678 826 865 879 custos
904 817 1098 879 salutis
1112 820 1159 856 ’³
1186 818 1375 894 datus»,
1401 839 1518 879 non
1547 826 1612 879 ut
1647 838 1840 898 regem
1877 815 2072 893 modo,
2111 816 2205 878 sed

362 895 534 957 etiam
556 903 622 957 ut
646 897 985 973 alumnum,
1007 895 1214 959 eximia
1246 897 1478 959 caritate
1498 894 1789 978 diligebat.
1824 899 1876 957 is
1909 916 2025 956 non
2053 915 2208 975 proe-

363 994 494 1055 ceps
506 975 555 1011 ²¹⁹
592 995 676 1052 se,
714 975 810 1036 sed
834 978 1209 1037 ·streuuum’⁸
1252 977 1574 1038 remedium
1613 978 1835 1052 afferre,
1877 982 2207 1056 tantamque

362 1053 482 1114 vim
506 1054 690 1116 morbi
718 1053 947 1136 potione
970 1055 1248 1117 medicata
1268 1057 1586 1117 levaturum
1604 1076 1724 1117 esse
1743 1053 2025 1136 promisit.
2050 1054 2205 1115 Nulli

361 1132 708 1212 promissum
760 1133 882 1214 ejus
929 1135 1216 1215 placebat,
1264 1143 1469 1216 praeter
1505 1134 1698 1217 ipsum
1743 1135 1906 1215 cujus
1956 1133 2207 1215 periculo

364 1211 815 1292 pollicebatur’⁶.
848 1212 1057 1276 Omnia
1083 1215 1294 1306 quippe
1330 1214 1551 1276 facilius
1592 1234 1767 1296 quam
1806 1234 2028 1274 moram
2069 1234 2209 1294 per-

362 1291 475 1380 peti
506 1301 723 1373 poterat
767 1310 785 1354 ε
825 1313 986 1355 arma
1021 1302 1078 1355 et
1116 1314 1263 1355 acies
1290 1293 1353 1355 iu
1386 1294 1566 1355 oeulis
1600 1301 1792 1369 erant,
1826 1300 1882 1355 et
1911 1291 2207 1353 victoriam

361 1391 423 1430 ln
450 1391 516 1432 eo
541 1370 783 1452 positam
807 1392 926 1433 esse
955 1373 1361 1449 arbitrabatur,
1383 1373 1430 1435 si
1458 1380 1681 1434 tantum
1704 1379 1833 1434 ante
1868 1371 2027 1452 signa
2061 1378 2208 1433 stare

361 1449 632 1529 potuisset
643 1466 666 1527 3
688 1450 748 1511 id
769 1450 982 1531 ipsum,
1001 1452 1150 1532 quod
1165 1452 1460 1532 postdiem
1475 1452 1707 1512 tertium
1727 1450 2206 1512 medicamentum

362 1538 694 1609 sumpturus
714 1539 857 1591 esset
877 1530 979 1608 (ita
1005 1529 1160 1590 enim
1179 1529 1436 1591 medicus
1456 1529 1810 1611 proedixerat)
1830 1549 1976 1609 tegre
1996 1531 2204 1590 ferenS.

363 1610 517 1670 Inter
538 1609 661 1670 haec
694 1630 729 1670 a
755 1607 1156 1684 Parmenione,
1181 1607 1456 1670 fidissimo
1483 1616 1929 1689 purpuratorum
1942 1608 2013 1683 ¹⁷,
2049 1607 2208 1668 litte-

362 1707 453 1748 ras
478 1687 686 1769 aceipit
700 1733 723 1765 ,
750 1688 958 1770 quibus
995 1686 1046 1749 ei
1087 1687 1459 1749 denuntiabat
1496 1708 1569 1749 ne
1595 1689 1836 1749 salutem
1864 1706 2026 1747 suam
2062 1686 2211 1748 Phi-

364 1765 514 1846 lippo
534 1766 953 1845 committeret3
976 1766 1134 1829 mille
1163 1766 1386 1830 talentis
1403 1788 1438 1830 a
1458 1766 1652 1844 Dario,
1677 1775 1733 1827 et
1753 1787 1849 1857 spe
1871 1765 2205 1847 nuptiarum

365 1844 568 1907 sororis
603 1847 748 1927 ejuS,
791 1866 913 1909 esse
952 1855 1310 1929 corruptum.
1356 1850 1653 1928 Ingentem
1693 1866 1886 1907 ammo
1926 1845 2209 1906 sollicitu-

363 1922 557 1987 dinem
584 1925 784 1988 litterae
806 1925 1196 2005 incusserant3
1217 1935 1275 1988 et
1295 1925 1572 2009 quidquid
1587 1925 1648 1987 in
1669 1934 1970 2008 utramque
1984 1933 2208 2007 partem

364 2012 463 2063 aut
483 2012 668 2067 metus
691 2013 788 2067 aut
808 2026 933 2087 spes
947 2005 1287 2087 subjecerat,
1301 2014 1516 2068 secreta
1530 2005 1899 2067 {estimatione
1915 2006 2202 2086 pensabat.

371 2104 402 2140 «
427 2082 633 2144 Bibere
666 2105 1018 2164 perseverem
1033 2088 1112 2161 ²⁸3
1138 2094 1205 2146 ut
1219 2130 1241 2162 ,
1275 2085 1323 2146 si
1355 2105 1640 2148 venenum
1675 2085 1874 2146 datum
1901 2083 2072 2145 fuerit
2087 2130 2108 2161 ,
2135 2105 2208 2147 ne

362 2158 654 2238 immerito
674 2162 906 2244 quidem
920 2166 993 2242 ²⁹,
1021 2164 1298 2247 quidquid
1318 2164 1615 2241 acciderit,
1641 2164 1888 2226 evenisse
1906 2163 2205 2225 videatur?

363 2240 642 2302 Damnem
668 2242 873 2304 medici
896 2243 1112 2306 fidem?
1140 2247 1207 2304 ln
1226 2244 1588 2306 tabernaculo
1605 2247 1652 2282 ⁸⁰
1680 2265 1812 2324 ergo
1837 2264 1930 2305 me
1957 2243 2203 2325 opprimi

364 2319 583 2398 patiar?
620 2322 696 2382 At
734 2323 910 2385 satius
945 2332 1031 2385 est
1068 2322 1251 2386 alieno
1291 2344 1385 2385 me
1418 2320 1568 2386 mori
1597 2324 1802 2386 scelere
1837 2343 2011 2405 quam
2047 2332 2203 2384 metu

364 2489 392 2531 ὲ
423 2486 496 2532 ses
528 2487 667 2542 cotes,
700 2489 845 2535 meme
878 2503 1019 2546 parmi
1051 2505 1124 2538 ses
1148 2493 1257 2537 inti-
1306 2492 1512 2549 seneque
1546 2491 1652 2547 (Ep.
1691 2491 1750 2544 cr)
1788 2505 1800 2535 z
1835 2503 2027 2546 pra-ceps
2063 2492 2206 2536 morbi

363 2553 473 2584 mes.
494 2556 517 2582 ι
542 2541 773 2586 Peut-etre
797 2549 937 2588 est-ee
953 2557 1044 2588 une
1064 2547 1253 2591 allusion
1280 2580 1285 2586 .
1337 2560 1458 2600 enus,
1485 2559 1574 2590 une
1592 2546 1785 2588 maladie
1803 2547 1875 2598 qui
1900 2544 2031 2587 mene
2049 2545 2095 2588 le
2114 2557 2206 2589 ma-

365 2593 395 2638 a
425 2593 962 2662 AlexandraLyneestes,
992 2599 1064 2641 fils
1090 2599 1259 2642 d'AEro-
1326 2603 1410 2644 ade
1432 2601 1570 2664 grand
1591 2599 1706 2640 train
1726 2628 1739 2650 ,
1776 2610 1855 2651 par
1872 2598 2072 2651 exemplo
2085 2627 2099 2650 ‚
2115 2610 2205 2641 une

364 2659 485 2744 Εἴθε
494 2654 1258 2758 ἓᾚοὲἶεωὲζξςὲυὲῃὲςὲἓῗιεῗὲθῦἶῗ
1309 2649 1883 2755 αρὲἵιὲᾓῗοῇἔέιτοὲἷξξῖἕ,
1902 2701 2159 2765 energique.
2178 2717 2200 2741 ι

271 2796 276 2803 ‚
363 2754 455 2796 rius
470 2766 583 2807 pour
606 2757 716 2797 faire
746 2756 865 2809 perir
894 2757 938 2799 le
967 2757 1257 2811 conquerunt,
1362 2758 1409 2792 2⁶
1437 2756 1755 2807 Pollicebatur,
1775 2759 1927 2799 ssent.
1947 2754 2202 2812 Phalippus.

365 2809 414 2848 et
456 2808 502 2849 ui
522 2808 590 2849 fut
612 2809 697 2850 mis
716 2806 746 2851 ὲ,
765 2814 886 2850 mort.
902 2810 1013 2851 trois
1030 2822 1111 2852 ans
1128 2809 1257 2863 apres
1277 2824 1280 2825 ⁷
1363 2810 1411 2844 ²⁷
1439 2810 1681 2853 Fidissimo
1709 2819 2081 2865 purpuratorum,
2119 2823 2142 2848 κ
2160 2811 2204 2852 le

363 2859 410 2901 la
457 2865 690 2902 econverte
717 2862 774 2902 de
801 2873 882 2904 son
909 2863 1044 2905 crime
1069 2874 1176 2906 avec
1190 2864 1259 2906 les
1311 2865 1409 2918 plus
1426 2864 1560 2906 fidele
1580 2865 1635 2906 de
1657 2875 1730 2907 ses
1748 2863 2024 2916 dignitaires.
2044 2879 2071 2913 ›,
2084 2862 2204 2906 Pwr-

365 2922 462 2954 com
492 2912 603 2954 lices
625 2913 914 2963 dePhilotas.
941 2913 998 2967 (V
999 2926 1073 2968 oy.
1096 2914 1256 2973 Suppl.
1305 2916 1464 2974 parati
1480 2922 1649 2969 estune
1672 2929 1698 2959 e
1759 2917 1926 2958 ression
1949 2915 2205 2970 empruntee

365 2965 421 3006 de
523 2965 782 3026 insliemius,
797 2978 849 3019 n,
869 2965 952 3020 11.)
1312 2983 1368 3013 au
1389 2975 1584 3013 eostume
1614 2929 1885 3021 desxpperses,
1906 2974 1953 3011 et
1972 2982 1996 3011 a
2029 2968 2205 3024 pliquee

418 3015 462 3050 ²¹
495 3015 861 3063 Arbztrabantm·
904 3024 974 3062 est
1022 3021 1260 3074 probable-
1310 3036 1374 3067 un
1391 3035 1478 3076 peu
1495 3024 1851 3065 arbitrairement
1873 3034 1957 3064 aux
1973 2983 2095 3065 ubete
2113 3035 2205 3064 ma-

366 3074 491 3113 ment
504 3081 595 3113 une
627 3072 751 3124 glosa
780 3073 857 3116 oui
882 3073 988 3118 s'est
1010 3074 1258 3121 introduite
1311 3076 1576 3127 eedoniens,
1640 3076 1688 3116 ui
1726 3085 1785 3117 ne
1820 3076 2043 3171 portabent
2077 3076 2207 3129 point

367 3123 477 3165 dans
489 3124 533 3165 le
551 3127 687 3167 texte.
761 3177 766 3181 ,
1311 3130 1608 3173 d'ornements
1653 3140 1679 3170 e
1708 3140 1911 3180 pout-pre.
1974 3141 2003 3170 n
2022 3127 2205 3181 designo

417 3173 463 3207 ¹2
483 3176 721 3219 Acarnan.
735 3174 1033 3224 h’Aeamanie
1047 3179 1156 3225 e'tait
1168 3194 1258 3226 une
1311 3195 1368 3227 en
1386 3184 1540 3224 italien
1559 3183 1626 3224 les
1646 3182 1886 3224 eardinaux
1898 3192 2003 3224 sous
2021 3180 2068 3224 le
2099 3191 2204 3223 nom

368 3227 547 3273 conti-ee
577 3231 635 3271 de
666 3231 713 3272 la
738 3227 897 3286 Graece,
917 3247 991 3276 sur
1017 3236 1065 3277 la.
1091 3247 1187 3278 mer
1231 3235 1259 3279 ὲ
1311 3236 1369 3278 de
1413 3248 1456 3279 ov
1497 3234 1639 3277 orati.

366 3278 447 3324 ΓΟ.
469 3281 526 3323 de
542 3281 733 3345 l'Etolie‚
753 3297 809 3347 au
826 3285 873 3328 S.
895 3288 951 3328 de
971 3287 1150 3341 l'Epire.
1170 3267 1259 3331 lies
1361 3288 1383 3321 ²
1480 3286 1598 3329 ibere
1657 3299 1918 3337 emerseram,
1949 3301 1974 3327 ‹
1992 3287 2202 3341 Pflfflisste‘

367 3331 589 3378 habitants
606 3348 661 3378 en
680 3344 853 3379 etaient
869 3342 1082 3392 grossiora
1100 3371 1112 3393 ,
1136 3342 1193 3385 de
1212 3340 1261 3384 la.
1307 3341 1396 3384 rai-
1413 3353 1439 3383 e
1461 3339 1488 3383 ὰ
1506 3353 1613 3393 pren
1670 3352 1696 3383 e
1713 3352 1764 3383 ce
1786 3344 2005 3393 breuvage
2019 3337 2044 3382 2

368 3385 408 3428 le
416 3389 637 3470 proverbe
648 3401 816 3445 porcus
831 3392 1069 3436 Acarnan.
1362 3393 1385 3426 ²
1437 3392 1510 3435 Ne
1545 3393 1759 3438 immerito
1796 3393 1998 3450 quidem,
2048 3405 2071 3430 ‹
2108 3400 2199 3434 non

442 3437 464 3472 8
490 3439 682 3491 Salutis,
700 3455 810 3496 pour
827 3444 1111 3489 valetudinis.
1309 3459 1414 3490 sans
1459 3459 1516 3489 ue
1527 3448 1577 3500 je
1594 3447 1692 3489 l'aie
1712 3447 1817 3489 bien
1835 3445 2005 3488 merite.
2025 3456 2049 3484 t

416 3487 463 3554 ξ*
489 3492 693 3555 Pfoeceps
713 3496 975 3544 remedium,
997 3510 1057 3540 un
1076 3498 1255 3542 remede
1360 3499 1408 3533 ⁸⁰
1431 3460 1494 3542 in
1536 3498 1834 3541 tabernaculo.
1883 3498 1922 3540 11
1955 3500 2048 3540 faut
2080 3508 2201 3539 sous-

364 3582 367 3586 .
391 3555 438 3587 m
457 3546 703 3591 enleverait
717 3550 761 3591 le
782 3551 868 3592 mal
886 3563 1056 3593 comme
1106 3565 1154 3595 ar
1176 3564 1256 3594 en·
1309 3554 1520 3598 entendre
1548 3564 1559 3595 t
1588 3565 1611 3588 ⁸
1643 3550 1775 3605 [dans
1791 3552 1833 3592 le
1852 3562 1926 3593 0⁵8
1944 3544 2181 3601 contraire]

366 3607 389 3638 n
476 3602 663 3655 tement,
680 3614 737 3645 en
755 3615 816 3646 un
843 3604 931 3647 elin
961 3604 1061 3648 d'oe·
1086 3633 1098 3646 .
1128 3605 1253 3649 Dans
1309 3618 1381 3649 me
1396 3606 1661 3657 laisserai-je
1680 3605 1842 3645 done...
1867 3615 1889 3640 ›
