<?xml version="1.0" encoding="UTF-8"?>
<!DOCTYPE html PUBLIC "-//W3C//DTD XHTML 1.0 Transitional//EN"
    "http://www.w3.org/TR/xhtml1/DTD/xhtml1-transitional.dtd">
<html xmlns="http://www.w3.org/1999/xhtml" xml:lang="en" lang="en">
 <head>
  <title>
</title>
<meta http-equiv="Content-Type" content="text/html;charset=utf-8" />
  <meta name='ocr-system' content='tesseract 3.04.00' />
  <meta name='ocr-capabilities' content='ocr_page ocr_carea ocr_par ocr_line ocrx_word'/>
</head>
<body>
  <div class='ocr_page' id='page_1' title='image "./narrationeslati00guiagoog/narrationeslati00guiagoog_0175.png"; bbox 0 0 2525 3984; ppageno 0'>
   <div class='ocr_carea' id='block_1_1' title="bbox 10 2921 22 3458">
    <p class='ocr_par' dir='ltr' id='par_1_1' title="bbox 10 2921 22 3458">
     <span class='ocr_line' id='line_1_1' title="bbox 10 2921 22 3458; textangle 90"><span class='ocrx_word' id='word_1_1' title='bbox 12 3415 18 3458; x_wconf 31' lang='lat'><strong>4,</strong></span> <span class='ocrx_word' id='word_1_2' title='bbox 11 3337 14 3390; x_wconf 29' lang='lat'><strong>4⁴⁴</strong></span> <span class='ocrx_word' id='word_1_3' title='bbox 13 3315 14 3320; x_wconf 58' lang='lat'><em>„</em></span> <span class='ocrx_word' id='word_1_4' title='bbox 11 3179 14 3302; x_wconf 30' lang='grc' dir='ltr'><strong>ᾼμ-μψ</strong></span> <span class='ocrx_word' id='word_1_5' title='bbox 10 2921 22 3158; x_wconf 43' lang='grc' dir='ltr'><strong>,ᾑ-Ϊᾼὴ..</strong></span> 
     </span>
    </p>
   </div>
   <div class='ocr_carea' id='block_1_2' title="bbox 11 3531 18 3622">
    <p class='ocr_par' dir='ltr' id='par_1_2' title="bbox 11 3531 18 3622">
     <span class='ocr_line' id='line_1_2' title="bbox 11 3531 18 3622; textangle 90"><span class='ocrx_word' id='word_1_6' title='bbox 11 3531 18 3622; x_wconf 36' lang='grc' dir='ltr'><strong>ὴ--ᾼ</strong></span> 
     </span>
    </p>
   </div>
   <div class='ocr_carea' id='block_1_3' title="bbox 1073 130 2273 195">
    <p class='ocr_par' dir='ltr' id='par_1_3' title="bbox 1073 130 2273 195">
     <span class='ocr_line' id='line_1_3' title="bbox 1073 130 2273 195; baseline 0.006 -7"><span class='ocrx_word' id='word_1_7' title='bbox 1073 130 1624 191; x_wconf 78' lang='lat' dir='ltr'><strong>NARRATIONES.</strong></span> <span class='ocrx_word' id='word_1_8' title='bbox 2163 139 2273 195; x_wconf 75' lang='lat'><strong>157</strong></span> 
     </span>
    </p>
   </div>
   <div class='ocr_carea' id='block_1_4' title="bbox 421 259 2280 2563">
    <p class='ocr_par' dir='ltr' id='par_1_4' title="bbox 421 259 2280 2563">
     <span class='ocr_line' id='line_1_4' title="bbox 427 259 2278 346; baseline 0.003 -25"><span class='ocrx_word' id='word_1_9' title='bbox 427 269 593 322; x_wconf 88' lang='lat' dir='ltr'><strong>erant</strong></span> <span class='ocrx_word' id='word_1_10' title='bbox 609 305 629 336; x_wconf 87' lang='lat'><strong>,</strong></span> <span class='ocrx_word' id='word_1_11' title='bbox 658 259 963 340; x_wconf 79' lang='lat' dir='ltr'><strong>transfugis</strong></span> <span class='ocrx_word' id='word_1_12' title='bbox 986 281 1012 320; x_wconf 90' lang='lat' dir='ltr'><strong>s</strong></span> <span class='ocrx_word' id='word_1_13' title='bbox 1052 261 1233 322; x_wconf 90' lang='lat' dir='ltr'><strong>atium</strong></span> <span class='ocrx_word' id='word_1_14' title='bbox 1251 262 1521 344; x_wconf 82' lang='lat' dir='ltr'><strong>locusque</strong></span> <span class='ocrx_word' id='word_1_15' title='bbox 1540 262 1687 342; x_wconf 81' lang='lat' dir='ltr'><strong>fugoe</strong></span> <span class='ocrx_word' id='word_1_16' title='bbox 1705 262 1870 322; x_wconf 87' lang='lat' dir='ltr'><strong>datus</strong></span> <span class='ocrx_word' id='word_1_17' title='bbox 1888 270 2009 339; x_wconf 85' lang='lat' dir='ltr'><strong>est;</strong></span> <span class='ocrx_word' id='word_1_18' title='bbox 2038 272 2095 324; x_wconf 89' lang='lat' dir='ltr'><strong>et</strong></span> <span class='ocrx_word' id='word_1_19' title='bbox 2115 265 2278 346; x_wconf 86' lang='lat' dir='ltr'><strong>Syra-</strong></span> 
     </span>
     <span class='ocr_line' id='line_1_5' title="bbox 429 339 2277 421; baseline 0.002 -20"><span class='ocrx_word' id='word_1_20' title='bbox 429 339 666 417; x_wconf 84' lang='lat' dir='ltr'><strong>cusani,</strong></span> <span class='ocrx_word' id='word_1_21' title='bbox 706 339 931 402; x_wconf 83' lang='lat' dir='ltr'><strong>tandem</strong></span> <span class='ocrx_word' id='word_1_22' title='bbox 973 344 1016 400; x_wconf 87' lang='lat' dir='ltr'><strong>li</strong></span> <span class='ocrx_word' id='word_1_23' title='bbox 1091 339 1141 401; x_wconf 90' lang='lat' dir='ltr'><strong>ri</strong></span> <span class='ocrx_word' id='word_1_24' title='bbox 1181 348 1342 401; x_wconf 90' lang='lat' dir='ltr'><strong>metu</strong></span> <span class='ocrx_word' id='word_1_25' title='bbox 1363 385 1383 417; x_wconf 90' lang='lat'><strong>,</strong></span> <span class='ocrx_word' id='word_1_26' title='bbox 1429 339 1606 421; x_wconf 88' lang='lat' dir='ltr'><strong>portis</strong></span> <span class='ocrx_word' id='word_1_27' title='bbox 1652 341 1989 404; x_wconf 67' lang='lat' dir='ltr'><strong>Achradinae</strong></span> <span class='ocrx_word' id='word_1_28' title='bbox 2029 361 2062 404; x_wconf 93' lang='lat' dir='ltr'><strong>a</strong></span> <span class='ocrx_word' id='word_1_29' title='bbox 2135 345 2238 405; x_wconf 87' lang='lat' dir='ltr'><strong>rtis</strong></span> <span class='ocrx_word' id='word_1_30' title='bbox 2256 389 2277 421; x_wconf 87' lang='lat'><em>‚</em></span> 
     </span>
     <span class='ocr_line' id='line_1_6' title="bbox 434 418 2276 505; baseline 0.003 -25"><span class='ocrx_word' id='word_1_31' title='bbox 434 427 680 481; x_wconf 87' lang='lat' dir='ltr'><strong>oratores</strong></span> <span class='ocrx_word' id='word_1_32' title='bbox 705 419 775 480; x_wconf 87' lang='lat' dir='ltr'><strong>ad</strong></span> <span class='ocrx_word' id='word_1_33' title='bbox 810 421 1142 481; x_wconf 80' lang='lat' dir='ltr'><strong>Marcellum</strong></span> <span class='ocrx_word' id='word_1_34' title='bbox 1171 419 1446 495; x_wconf 85' lang='lat' dir='ltr'><strong>mittunt,</strong></span> <span class='ocrx_word' id='word_1_35' title='bbox 1479 418 1626 481; x_wconf 83' lang='lat' dir='ltr'>nihil</span> <span class='ocrx_word' id='word_1_36' title='bbox 1649 428 1899 501; x_wconf 89' lang='lat' dir='ltr'><strong>petentes</strong></span> <span class='ocrx_word' id='word_1_37' title='bbox 1922 421 2038 483; x_wconf 87' lang='lat' dir='ltr'><strong>aliu</strong></span> <span class='ocrx_word' id='word_1_38' title='bbox 2105 443 2276 505; x_wconf 88' lang='lat' dir='ltr'><strong>quam</strong></span> 
     </span>
     <span class='ocr_line' id='line_1_7' title="bbox 432 497 2277 580; baseline 0.004 -23"><span class='ocrx_word' id='word_1_39' title='bbox 432 498 879 561; x_wconf 78' lang='lat' dir='ltr'><strong>incolumitatem</strong></span> <span class='ocrx_word' id='word_1_40' title='bbox 901 497 1008 560; x_wconf 87' lang='lat' dir='ltr'><strong>sibi</strong></span> <span class='ocrx_word' id='word_1_41' title='bbox 1032 498 1337 580; x_wconf 88' lang='lat' dir='ltr'><strong>liberisque</strong></span> <span class='ocrx_word' id='word_1_42' title='bbox 1359 499 1496 560; x_wconf 88' lang='lat' dir='ltr'><strong>suis.</strong></span> <span class='ocrx_word' id='word_1_43' title='bbox 1518 501 1837 575; x_wconf 80' lang='lat' dir='ltr'><strong>MarcelluS,</strong></span> <span class='ocrx_word' id='word_1_44' title='bbox 1861 500 2093 562; x_wconf 87' lang='lat' dir='ltr'><strong>consilio</strong></span> <span class='ocrx_word' id='word_1_45' title='bbox 2114 502 2277 564; x_wconf 82' lang='lat' dir='ltr'><strong>advo·</strong></span> 
     </span>
     <span class='ocr_line' id='line_1_8' title="bbox 429 577 2276 659; baseline 0.001 -19"><span class='ocrx_word' id='word_1_46' title='bbox 429 586 575 655; x_wconf 86' lang='lat' dir='ltr'><strong>cato,</strong></span> <span class='ocrx_word' id='word_1_47' title='bbox 598 586 654 639; x_wconf 91' lang='lat' dir='ltr'><strong>et</strong></span> <span class='ocrx_word' id='word_1_48' title='bbox 671 578 941 641; x_wconf 81' lang='lat' dir='ltr'><strong>adhibitis</strong></span> <span class='ocrx_word' id='word_1_49' title='bbox 965 578 1137 640; x_wconf 86' lang='lat' dir='ltr'><strong>etiam</strong></span> <span class='ocrx_word' id='word_1_50' title='bbox 1159 577 1550 659; x_wconf 71' lang='lat' dir='ltr'><strong>Syracusanis»,</strong></span> <span class='ocrx_word' id='word_1_51' title='bbox 1574 577 1673 659; x_wconf 89' lang='lat' dir='ltr'><strong>qui</strong></span> <span class='ocrx_word' id='word_1_52' title='bbox 1694 600 1795 659; x_wconf 87' lang='lat' dir='ltr'><strong>per</strong></span> <span class='ocrx_word' id='word_1_53' title='bbox 1809 579 2108 642; x_wconf 78' lang='lat' dir='ltr'><strong>seditiones</strong></span> <span class='ocrx_word' id='word_1_54' title='bbox 2169 583 2276 643; x_wconf 89' lang='lat' dir='ltr'><strong>ulsi</strong></span> 
     </span>
     <span class='ocr_line' id='line_1_9' title="bbox 426 657 2273 740; baseline 0.003 -22"><span class='ocrx_word' id='word_1_55' title='bbox 426 657 501 718; x_wconf 88' lang='lat' dir='ltr'><strong>ab</strong></span> <span class='ocrx_word' id='word_1_56' title='bbox 543 658 713 720; x_wconf 92' lang='lat' dir='ltr'><strong>domo</strong></span> <span class='ocrx_word' id='word_1_57' title='bbox 754 657 906 720; x_wconf 90' lang='lat' dir='ltr'><strong>intra</strong></span> <span class='ocrx_word' id='word_1_58' title='bbox 950 657 1211 740; x_wconf 80' lang='lat' dir='ltr'><strong>praesidia</strong></span> <span class='ocrx_word' id='word_1_59' title='bbox 1259 677 1500 720; x_wconf 87' lang='lat' dir='ltr'><strong>romana</strong></span> <span class='ocrx_word' id='word_1_60' title='bbox 1513 660 1580 696; x_wconf 79' lang='lat'><strong>²⁸¹</strong></span> <span class='ocrx_word' id='word_1_61' title='bbox 1620 659 1844 719; x_wconf 91' lang='lat' dir='ltr'><strong>fuerant</strong></span> <span class='ocrx_word' id='word_1_62' title='bbox 1854 702 1876 734; x_wconf 90' lang='lat'><strong>,</strong></span> <span class='ocrx_word' id='word_1_63' title='bbox 1925 680 2128 740; x_wconf 86' lang='lat' dir='ltr'><strong>respon</strong></span> <span class='ocrx_word' id='word_1_64' title='bbox 2171 660 2215 720; x_wconf 91' lang='lat' dir='ltr'><strong>it</strong></span> <span class='ocrx_word' id='word_1_65' title='bbox 2257 680 2273 723; x_wconf 78' lang='lat' dir='ltr'><em>z</em></span> 
     </span>
     <span class='ocr_line' id='line_1_10' title="bbox 437 736 2276 828; baseline 0.003 -32"><span class='ocrx_word' id='word_1_66' title='bbox 437 758 467 796; x_wconf 77' lang='grc' dir='ltr'><strong>α</strong></span> <span class='ocrx_word' id='word_1_67' title='bbox 504 747 630 801; x_wconf 90' lang='lat' dir='ltr'><strong>Non</strong></span> <span class='ocrx_word' id='word_1_68' title='bbox 662 738 830 819; x_wconf 89' lang='lat' dir='ltr'><strong>plura</strong></span> <span class='ocrx_word' id='word_1_69' title='bbox 866 758 968 828; x_wconf 89' lang='lat' dir='ltr'><strong>per</strong></span> <span class='ocrx_word' id='word_1_70' title='bbox 1002 758 1180 800; x_wconf 88' lang='lat' dir='ltr'><strong>annos</strong></span> <span class='ocrx_word' id='word_1_71' title='bbox 1211 736 1354 821; x_wconf 87' lang='lat' dir='ltr'><strong>quin</strong></span> <span class='ocrx_word' id='word_1_72' title='bbox 1435 736 1627 819; x_wconf 79' lang='lat' dir='ltr'><strong>aginta</strong></span> <span class='ocrx_word' id='word_1_73' title='bbox 1660 736 1952 800; x_wconf 87' lang='lat' dir='ltr'><strong>benefacta</strong></span> <span class='ocrx_word' id='word_1_74' title='bbox 1992 740 2276 816; x_wconf 77' lang='lat' dir='ltr'><strong>HieroniS,</strong></span> 
     </span>
     <span class='ocr_line' id='line_1_11' title="bbox 436 816 2277 908; baseline 0.003 -33"><span class='ocrx_word' id='word_1_75' title='bbox 436 839 467 875; x_wconf 88' lang='lat'>«</span> <span class='ocrx_word' id='word_1_76' title='bbox 508 837 684 900; x_wconf 86' lang='lat' dir='ltr'><strong>quam</strong></span> <span class='ocrx_word' id='word_1_77' title='bbox 714 837 913 908; x_wconf 79' lang='lat' dir='ltr'><strong>paucis</strong></span> <span class='ocrx_word' id='word_1_78' title='bbox 953 816 1045 878; x_wconf 87' lang='lat' dir='ltr'><strong>his</strong></span> <span class='ocrx_word' id='word_1_79' title='bbox 1085 817 1249 879; x_wconf 87' lang='lat' dir='ltr'><strong>annis</strong></span> <span class='ocrx_word' id='word_1_80' title='bbox 1279 838 1340 878; x_wconf 90' lang='lat' dir='ltr'><strong>m</strong></span> <span class='ocrx_word' id='word_1_81' title='bbox 1397 817 1559 879; x_wconf 83' lang='lat' dir='ltr'><strong>eficia</strong></span> <span class='ocrx_word' id='word_1_82' title='bbox 1587 837 1787 878; x_wconf 88' lang='lat' dir='ltr'><strong>eorum</strong></span> <span class='ocrx_word' id='word_1_83' title='bbox 1798 860 1821 893; x_wconf 92' lang='lat'><strong>,</strong></span> <span class='ocrx_word' id='word_1_84' title='bbox 1931 816 1944 829; x_wconf 74' lang='lat'><em>⁶</em></span> <span class='ocrx_word' id='word_1_85' title='bbox 1976 819 2277 899; x_wconf 76' lang='lat' dir='ltr'><strong>Syracusas</strong></span> 
     </span>
     <span class='ocr_line' id='line_1_12' title="bbox 435 838 2279 980; baseline 0.003 -27"><span class='ocrx_word' id='word_1_86' title='bbox 435 917 468 953; x_wconf 90' lang='lat'>«</span> <span class='ocrx_word' id='word_1_87' title='bbox 511 903 832 972; x_wconf 76' lang='lat' dir='ltr'><strong>tenuerint,</strong></span> <span class='ocrx_word' id='word_1_88' title='bbox 870 916 1002 977; x_wconf 85' lang='lat' dir='ltr'><strong>erga</strong></span> <span class='ocrx_word' id='word_1_89' title='bbox 1031 897 1308 979; x_wconf 89' lang='lat' dir='ltr'><strong>populum</strong></span> <span class='ocrx_word' id='word_1_90' title='bbox 1340 916 1646 958; x_wconf 90' lang='lat' dir='ltr'><strong>romanum</strong></span> <span class='ocrx_word' id='word_1_91' title='bbox 1681 916 1820 958; x_wconf 86' lang='lat' dir='ltr'><strong>esse.</strong></span> <span class='ocrx_word' id='word_1_92' title='bbox 1847 838 1966 959; x_wconf 49' lang='lat' dir='ltr'><strong>(Egi</strong></span> <span class='ocrx_word' id='word_1_93' title='bbox 2010 899 2279 980; x_wconf 84' lang='lat' dir='ltr'><strong>pleraque</strong></span> 
     </span>
     <span class='ocr_line' id='line_1_13' title="bbox 438 975 2280 1059; baseline 0.003 -26"><span class='ocrx_word' id='word_1_94' title='bbox 438 997 469 1033; x_wconf 88' lang='lat'>«</span> <span class='ocrx_word' id='word_1_95' title='bbox 510 994 734 1052; x_wconf 88' lang='lat' dir='ltr'><strong>eorum,</strong></span> <span class='ocrx_word' id='word_1_96' title='bbox 773 996 886 1057; x_wconf 89' lang='lat' dir='ltr'><strong>quo</strong></span> <span class='ocrx_word' id='word_1_97' title='bbox 901 978 969 1014; x_wconf 83' lang='lat'><strong>¹⁸⁸</strong></span> <span class='ocrx_word' id='word_1_98' title='bbox 994 975 1326 1053; x_wconf 85' lang='lat' dir='ltr'><strong>debuerint,</strong></span> <span class='ocrx_word' id='word_1_99' title='bbox 1367 975 1654 1052; x_wconf 86' lang='lat' dir='ltr'><strong>recidisse,</strong></span> <span class='ocrx_word' id='word_1_100' title='bbox 1698 975 2092 1059; x_wconf 86' lang='lat' dir='ltr'><strong>foederumque</strong></span> <span class='ocrx_word' id='word_1_101' title='bbox 2133 998 2280 1059; x_wconf 85' lang='lat' dir='ltr'><strong>rup-</strong></span> 
     </span>
     <span class='ocr_line' id='line_1_14' title="bbox 437 1055 2277 1138; baseline 0.003 -25"><span class='ocrx_word' id='word_1_102' title='bbox 437 1076 467 1110; x_wconf 89' lang='lat'>«</span> <span class='ocrx_word' id='word_1_103' title='bbox 510 1062 701 1115; x_wconf 88' lang='lat' dir='ltr'><strong>torum</strong></span> <span class='ocrx_word' id='word_1_104' title='bbox 731 1055 881 1137; x_wconf 89' lang='lat' dir='ltr'><strong>ipsos</strong></span> <span class='ocrx_word' id='word_1_105' title='bbox 911 1055 983 1117; x_wconf 87' lang='lat' dir='ltr'><strong>ab</strong></span> <span class='ocrx_word' id='word_1_106' title='bbox 1020 1076 1079 1117; x_wconf 91' lang='lat' dir='ltr'><strong>se</strong></span> <span class='ocrx_word' id='word_1_107' title='bbox 1108 1055 1389 1136; x_wconf 83' lang='lat' dir='ltr'><strong>graviores</strong></span> <span class='ocrx_word' id='word_1_108' title='bbox 1420 1057 1602 1117; x_wconf 90' lang='lat' dir='ltr'><strong>multo</strong></span> <span class='ocrx_word' id='word_1_109' title='bbox 1616 1100 1638 1133; x_wconf 93' lang='lat'><strong>,</strong></span> <span class='ocrx_word' id='word_1_110' title='bbox 1685 1075 1859 1137; x_wconf 92' lang='lat' dir='ltr'><strong>quam</strong></span> <span class='ocrx_word' id='word_1_111' title='bbox 1894 1058 2138 1138; x_wconf 91' lang='lat' dir='ltr'><strong>populus</strong></span> <span class='ocrx_word' id='word_1_112' title='bbox 2175 1078 2277 1118; x_wconf 90' lang='lat' dir='ltr'><strong>ro-</strong></span> 
     </span>
     <span class='ocr_line' id='line_1_15' title="bbox 433 1134 2274 1218; baseline 0.004 -27"><span class='ocrx_word' id='word_1_113' title='bbox 433 1157 467 1191; x_wconf 94' lang='lat'>«</span> <span class='ocrx_word' id='word_1_114' title='bbox 508 1154 713 1196; x_wconf 86' lang='lat' dir='ltr'><strong>manus</strong></span> <span class='ocrx_word' id='word_1_115' title='bbox 765 1134 1036 1212; x_wconf 89' lang='lat' dir='ltr'><strong>voluerit,</strong></span> <span class='ocrx_word' id='word_1_116' title='bbox 1087 1154 1284 1216; x_wconf 85' lang='lat' dir='ltr'><strong>poenas</strong></span> <span class='ocrx_word' id='word_1_117' title='bbox 1332 1135 1596 1218; x_wconf 84' lang='lat' dir='ltr'><strong>exegisse.</strong></span> <span class='ocrx_word' id='word_1_118' title='bbox 1647 1136 1719 1197; x_wconf 90' lang='lat' dir='ltr'><strong>Se</strong></span> <span class='ocrx_word' id='word_1_119' title='bbox 1763 1136 1995 1217; x_wconf 87' lang='lat' dir='ltr'><strong>quidem</strong></span> <span class='ocrx_word' id='word_1_120' title='bbox 2045 1136 2274 1198; x_wconf 90' lang='lat' dir='ltr'><strong>tertium</strong></span> 
     </span>
     <span class='ocr_line' id='line_1_16' title="bbox 436 1215 2276 1297; baseline 0.001 -22"><span class='ocrx_word' id='word_1_121' title='bbox 436 1236 466 1272; x_wconf 88' lang='lat'>«</span> <span class='ocrx_word' id='word_1_122' title='bbox 505 1234 721 1276; x_wconf 89' lang='lat' dir='ltr'><strong>annum</strong></span> <span class='ocrx_word' id='word_1_123' title='bbox 738 1215 1149 1277; x_wconf 87' lang='lat' dir='ltr'><strong>circumsedere</strong></span> <span class='ocrx_word' id='word_1_124' title='bbox 1164 1216 1492 1297; x_wconf 81' lang='lat' dir='ltr'><strong>Syracusas,</strong></span> <span class='ocrx_word' id='word_1_125' title='bbox 1528 1235 1644 1277; x_wconf 90' lang='lat' dir='ltr'><strong>non</strong></span> <span class='ocrx_word' id='word_1_126' title='bbox 1660 1224 1729 1277; x_wconf 88' lang='lat' dir='ltr'><strong>ut</strong></span> <span class='ocrx_word' id='word_1_127' title='bbox 1744 1236 1815 1296; x_wconf 91' lang='lat' dir='ltr'><strong>po</strong></span> <span class='ocrx_word' id='word_1_128' title='bbox 1859 1217 1987 1277; x_wconf 89' lang='lat' dir='ltr'><strong>ulus</strong></span> <span class='ocrx_word' id='word_1_129' title='bbox 2007 1236 2276 1278; x_wconf 89' lang='lat' dir='ltr'><strong>romanus</strong></span> 
     </span>
     <span class='ocr_line' id='line_1_17' title="bbox 436 1293 2276 1376; baseline 0.001 -20"><span class='ocrx_word' id='word_1_130' title='bbox 436 1316 465 1349; x_wconf 69' lang='grc' dir='ltr'><strong>(ι</strong></span> <span class='ocrx_word' id='word_1_131' title='bbox 505 1314 723 1356; x_wconf 84' lang='lat' dir='ltr'><strong>servam</strong></span> <span class='ocrx_word' id='word_1_132' title='bbox 766 1294 1049 1356; x_wconf 82' lang='lat' dir='ltr'><strong>civitatem</strong></span> <span class='ocrx_word' id='word_1_133' title='bbox 1089 1294 1324 1357; x_wconf 72' lang='lat' dir='ltr'><strong>haberet</strong></span> <span class='ocrx_word' id='word_1_134' title='bbox 1339 1340 1359 1371; x_wconf 86' lang='lat'>‚</span> <span class='ocrx_word' id='word_1_135' title='bbox 1401 1293 1498 1356; x_wconf 89' lang='lat' dir='ltr'><strong>sed</strong></span> <span class='ocrx_word' id='word_1_136' title='bbox 1536 1315 1607 1356; x_wconf 90' lang='lat' dir='ltr'><strong>ne</strong></span> <span class='ocrx_word' id='word_1_137' title='bbox 1650 1303 1801 1356; x_wconf 89' lang='lat' dir='ltr'><strong>trans</strong></span> <span class='ocrx_word' id='word_1_138' title='bbox 1825 1315 2069 1376; x_wconf 83' lang='lat' dir='ltr'><strong>ugarum</strong></span> <span class='ocrx_word' id='word_1_139' title='bbox 2105 1295 2276 1357; x_wconf 89' lang='lat' dir='ltr'><strong>duces</strong></span> 
     </span>
     <span class='ocr_line' id='line_1_18' title="bbox 435 1374 2277 1456; baseline 0.004 -27"><span class='ocrx_word' id='word_1_140' title='bbox 435 1395 464 1429; x_wconf 92' lang='lat'>«</span> <span class='ocrx_word' id='word_1_141' title='bbox 505 1382 727 1453; x_wconf 88' lang='lat' dir='ltr'><strong>captam</strong></span> <span class='ocrx_word' id='word_1_142' title='bbox 765 1383 819 1436; x_wconf 89' lang='lat' dir='ltr'><strong>et</strong></span> <span class='ocrx_word' id='word_1_143' title='bbox 854 1393 1181 1455; x_wconf 88' lang='lat' dir='ltr'><strong>oppressam</strong></span> <span class='ocrx_word' id='word_1_144' title='bbox 1214 1381 1490 1435; x_wconf 90' lang='lat' dir='ltr'><strong>tenerent.</strong></span> <span class='ocrx_word' id='word_1_145' title='bbox 1534 1374 1683 1447; x_wconf 88' lang='lat' dir='ltr'><strong>Quid</strong></span> <span class='ocrx_word' id='word_1_146' title='bbox 1713 1374 1998 1455; x_wconf 90' lang='lat' dir='ltr'><strong>potuerint</strong></span> <span class='ocrx_word' id='word_1_147' title='bbox 2039 1375 2277 1456; x_wconf 88' lang='lat' dir='ltr'><strong>Syracu-</strong></span> 
     </span>
     <span class='ocr_line' id='line_1_19' title="bbox 431 1452 2273 1535; baseline 0.003 -26"><span class='ocrx_word' id='word_1_148' title='bbox 431 1473 465 1509; x_wconf 90' lang='lat'>«</span> <span class='ocrx_word' id='word_1_149' title='bbox 505 1452 626 1515; x_wconf 89' lang='lat' dir='ltr'><strong>sani</strong></span> <span class='ocrx_word' id='word_1_150' title='bbox 659 1455 839 1515; x_wconf 87' lang='lat' dir='ltr'><strong>facere</strong></span> <span class='ocrx_word' id='word_1_151' title='bbox 854 1456 951 1528; x_wconf 64' lang='lat'><strong>¹³⁴,</strong></span> <span class='ocrx_word' id='word_1_152' title='bbox 973 1454 1231 1533; x_wconf 87' lang='lat' dir='ltr'><strong>exemplo</strong></span> <span class='ocrx_word' id='word_1_153' title='bbox 1257 1453 1346 1514; x_wconf 77' lang='lat' dir='ltr'><strong>vel</strong></span> <span class='ocrx_word' id='word_1_154' title='bbox 1374 1472 1469 1514; x_wconf 87' lang='lat' dir='ltr'><strong>eos</strong></span> <span class='ocrx_word' id='word_1_155' title='bbox 1502 1472 1622 1514; x_wconf 87' lang='lat' dir='ltr'><strong>esse</strong></span> <span class='ocrx_word' id='word_1_156' title='bbox 1643 1453 1683 1514; x_wconf 92' lang='lat' dir='ltr'>S</span> <span class='ocrx_word' id='word_1_157' title='bbox 1721 1472 2153 1529; x_wconf 88' lang='lat' dir='ltr'><strong>racusanorum,</strong></span> <span class='ocrx_word' id='word_1_158' title='bbox 2175 1457 2273 1535; x_wconf 86' lang='lat' dir='ltr'><strong>qui</strong></span> 
     </span>
     <span class='ocr_line' id='line_1_20' title="bbox 435 1529 2274 1612; baseline 0.003 -25"><span class='ocrx_word' id='word_1_159' title='bbox 435 1552 464 1588; x_wconf 93' lang='lat'>«</span> <span class='ocrx_word' id='word_1_160' title='bbox 504 1530 656 1592; x_wconf 89' lang='lat' dir='ltr'><strong>intra</strong></span> <span class='ocrx_word' id='word_1_161' title='bbox 700 1530 960 1612; x_wconf 81' lang='lat' dir='ltr'><strong>praesidia</strong></span> <span class='ocrx_word' id='word_1_162' title='bbox 1005 1550 1241 1592; x_wconf 90' lang='lat' dir='ltr'><strong>romana</strong></span> <span class='ocrx_word' id='word_1_163' title='bbox 1283 1529 1497 1591; x_wconf 84' lang='lat' dir='ltr'><strong>fuerint</strong></span> <span class='ocrx_word' id='word_1_164' title='bbox 1510 1574 1531 1606; x_wconf 99' lang='lat'><strong>,</strong></span> <span class='ocrx_word' id='word_1_165' title='bbox 1567 1532 1655 1591; x_wconf 82' lang='lat' dir='ltr'><strong>vel</strong></span> <span class='ocrx_word' id='word_1_166' title='bbox 1755 1530 2018 1609; x_wconf 88' lang='lat' dir='ltr'><strong>ispanum</strong></span> <span class='ocrx_word' id='word_1_167' title='bbox 2070 1531 2274 1593; x_wconf 90' lang='lat' dir='ltr'><strong>ducem</strong></span> 
     </span>
     <span class='ocr_line' id='line_1_21' title="bbox 431 1607 2276 1691; baseline 0.003 -25"><span class='ocrx_word' id='word_1_168' title='bbox 431 1633 464 1667; x_wconf 94' lang='lat'>«</span> <span class='ocrx_word' id='word_1_169' title='bbox 507 1610 783 1672; x_wconf 76' lang='lat' dir='ltr'><strong>Mer-icum</strong></span> <span class='ocrx_word' id='word_1_170' title='bbox 800 1654 821 1685; x_wconf 93' lang='lat'><strong>,</strong></span> <span class='ocrx_word' id='word_1_171' title='bbox 847 1609 948 1691; x_wconf 85' lang='lat' dir='ltr'><strong>qui</strong></span> <span class='ocrx_word' id='word_1_172' title='bbox 985 1608 1316 1690; x_wconf 85' lang='lat' dir='ltr'><strong>praesidium</strong></span> <span class='ocrx_word' id='word_1_173' title='bbox 1350 1607 1682 1683; x_wconf 87' lang='lat' dir='ltr'><strong>tradiderit,</strong></span> <span class='ocrx_word' id='word_1_174' title='bbox 1704 1609 1791 1668; x_wconf 82' lang='lat' dir='ltr'><strong>vel</strong></span> <span class='ocrx_word' id='word_1_175' title='bbox 1827 1608 2081 1688; x_wconf 90' lang='lat' dir='ltr'><strong>ipsorum</strong></span> <span class='ocrx_word' id='word_1_176' title='bbox 2111 1611 2276 1690; x_wconf 87' lang='lat' dir='ltr'><strong>Syra-</strong></span> 
     </span>
     <span class='ocr_line' id='line_1_22' title="bbox 434 1686 2269 1768; baseline 0.003 -23"><span class='ocrx_word' id='word_1_177' title='bbox 434 1711 464 1745; x_wconf 90' lang='lat'>«</span> <span class='ocrx_word' id='word_1_178' title='bbox 506 1709 846 1750; x_wconf 87' lang='lat' dir='ltr'><strong>cusanorum</strong></span> <span class='ocrx_word' id='word_1_179' title='bbox 904 1695 1176 1764; x_wconf 82' lang='lat' dir='ltr'><strong>ostremo,</strong></span> <span class='ocrx_word' id='word_1_180' title='bbox 1190 1708 1383 1749; x_wconf 88' lang='lat' dir='ltr'><strong>serum</strong></span> <span class='ocrx_word' id='word_1_181' title='bbox 1397 1686 1653 1768; x_wconf 88' lang='lat' dir='ltr'><strong>quidem,</strong></span> <span class='ocrx_word' id='word_1_182' title='bbox 1670 1686 1765 1748; x_wconf 87' lang='lat' dir='ltr'><strong>sed</strong></span> <span class='ocrx_word' id='word_1_183' title='bbox 1786 1687 1929 1748; x_wconf 86' lang='lat' dir='ltr'><strong>forte</strong></span> <span class='ocrx_word' id='word_1_184' title='bbox 1947 1687 2269 1750; x_wconf 87' lang='lat' dir='ltr'><strong>consilium.</strong></span> 
     </span>
     <span class='ocr_line' id='line_1_23' title="bbox 433 1765 2275 1849; baseline 0 -20"><span class='ocrx_word' id='word_1_185' title='bbox 433 1790 464 1824; x_wconf 90' lang='lat'>«</span> <span class='ocrx_word' id='word_1_186' title='bbox 507 1768 782 1830; x_wconf 89' lang='lat' dir='ltr'><strong>Omnium</strong></span> <span class='ocrx_word' id='word_1_187' title='bbox 812 1768 856 1829; x_wconf 83' lang='lat' dir='ltr'><strong>s‘</strong></span> <span class='ocrx_word' id='word_1_188' title='bbox 900 1768 921 1829; x_wconf 86' lang='lat' dir='ltr'><strong>i</strong></span> <span class='ocrx_word' id='word_1_189' title='bbox 956 1768 1217 1830; x_wconf 88' lang='lat' dir='ltr'><strong>laborum</strong></span> <span class='ocrx_word' id='word_1_190' title='bbox 1254 1766 1751 1849; x_wconf 79' lang='lat' dir='ltr'><strong>periculorumque</strong></span> <span class='ocrx_word' id='word_1_191' title='bbox 1766 1766 1862 1841; x_wconf 80' lang='lat'><strong>¹⁸⁸,</strong></span> <span class='ocrx_word' id='word_1_192' title='bbox 1889 1765 2038 1828; x_wconf 91' lang='lat' dir='ltr'><strong>circa</strong></span> <span class='ocrx_word' id='word_1_193' title='bbox 2064 1769 2275 1830; x_wconf 88' lang='lat' dir='ltr'><strong>moenia</strong></span> 
     </span>
     <span class='ocr_line' id='line_1_24' title="bbox 429 1845 2276 1929; baseline 0.002 -24"><span class='ocrx_word' id='word_1_194' title='bbox 429 1869 464 1905; x_wconf 72' lang='grc' dir='ltr'>α</span> <span class='ocrx_word' id='word_1_195' title='bbox 505 1867 840 1928; x_wconf 87' lang='lat' dir='ltr'><strong>syracusana</strong></span> <span class='ocrx_word' id='word_1_196' title='bbox 880 1857 1031 1909; x_wconf 91' lang='lat' dir='ltr'><strong>terra</strong></span> <span class='ocrx_word' id='word_1_197' title='bbox 1060 1846 1321 1929; x_wconf 90' lang='lat' dir='ltr'><strong>marique</strong></span> <span class='ocrx_word' id='word_1_198' title='bbox 1349 1854 1468 1907; x_wconf 89' lang='lat' dir='ltr'><strong>tam</strong></span> <span class='ocrx_word' id='word_1_199' title='bbox 1503 1845 1603 1907; x_wconf 89' lang='lat' dir='ltr'><strong>diu</strong></span> <span class='ocrx_word' id='word_1_200' title='bbox 1637 1847 2038 1907; x_wconf 84' lang='lat' dir='ltr'><strong>exhaustorum</strong></span> <span class='ocrx_word' id='word_1_201' title='bbox 2064 1867 2276 1928; x_wconf 87' lang='lat' dir='ltr'><strong>nequa-</strong></span> 
     </span>
     <span class='ocr_line' id='line_1_25' title="bbox 429 1924 2274 2066; baseline 0.002 -82"><span class='ocrx_word' id='word_1_202' title='bbox 429 1949 464 1985; x_wconf 91' lang='lat'>«</span> <span class='ocrx_word' id='word_1_203' title='bbox 505 1948 679 2007; x_wconf 91' lang='lat' dir='ltr'><strong>quam</strong></span> <span class='ocrx_word' id='word_1_204' title='bbox 702 1935 922 1989; x_wconf 86' lang='lat' dir='ltr'><strong>tantum</strong></span> <span class='ocrx_word' id='word_1_205' title='bbox 941 1929 1196 1988; x_wconf 89' lang='lat' dir='ltr'><strong>fructum</strong></span> <span class='ocrx_word' id='word_1_206' title='bbox 1216 1945 1361 2003; x_wconf 87' lang='lat' dir='ltr'><strong>esse,</strong></span> <span class='ocrx_word' id='word_1_207' title='bbox 1377 1924 1529 2017; x_wconf 87' lang='lat' dir='ltr'><strong>quod</strong></span> <span class='ocrx_word' id='word_1_208' title='bbox 1539 1944 1737 2066; x_wconf 40' lang='lat' dir='ltr'><strong>capere</strong></span> <span class='ocrx_word' id='word_1_209' title='bbox 1749 1926 2048 2005; x_wconf 74' lang='lat' dir='ltr'><strong>Syracusas</strong></span> <span class='ocrx_word' id='word_1_210' title='bbox 2061 1926 2274 2007; x_wconf 90' lang='lat' dir='ltr'><strong>potuis-</strong></span> 
     </span>
     <span class='ocr_line' id='line_1_26' title="bbox 433 2003 2274 2087; baseline 0.002 -24"><span class='ocrx_word' id='word_1_211' title='bbox 433 2029 463 2062; x_wconf 89' lang='lat'>«</span> <span class='ocrx_word' id='word_1_212' title='bbox 506 2005 802 2067; x_wconf 77' lang='lat' dir='ltr'><strong>set.»1nde</strong></span> <span class='ocrx_word' id='word_1_213' title='bbox 824 2012 1069 2087; x_wconf 80' lang='lat' dir='ltr'><strong>quoestor</strong></span> <span class='ocrx_word' id='word_1_214' title='bbox 1093 2026 1228 2068; x_wconf 86' lang='lat' dir='ltr'><strong>cum</strong></span> <span class='ocrx_word' id='word_1_215' title='bbox 1247 2003 1510 2087; x_wconf 75' lang='lat' dir='ltr'><strong>proesidio</strong></span> <span class='ocrx_word' id='word_1_216' title='bbox 1532 2003 1603 2067; x_wconf 85' lang='lat' dir='ltr'><strong>ad</strong></span> <span class='ocrx_word' id='word_1_217' title='bbox 1675 2025 1863 2081; x_wconf 85' lang='lat' dir='ltr'><strong>asum,</strong></span> <span class='ocrx_word' id='word_1_218' title='bbox 1892 2004 1962 2067; x_wconf 88' lang='lat' dir='ltr'><strong>ad</strong></span> <span class='ocrx_word' id='word_1_219' title='bbox 1983 2004 2274 2086; x_wconf 87' lang='lat' dir='ltr'><strong>accipien-</strong></span> 
     </span>
     <span class='ocr_line' id='line_1_27' title="bbox 423 2083 2273 2166; baseline 0.002 -23"><span class='ocrx_word' id='word_1_220' title='bbox 423 2084 559 2146; x_wconf 91' lang='lat' dir='ltr'><strong>dam</strong></span> <span class='ocrx_word' id='word_1_221' title='bbox 585 2084 889 2165; x_wconf 89' lang='lat' dir='ltr'><strong>pecuniam</strong></span> <span class='ocrx_word' id='word_1_222' title='bbox 928 2083 1144 2166; x_wconf 76' lang='lat' dir='ltr'><strong>regiam</strong></span> <span class='ocrx_word' id='word_1_223' title='bbox 1180 2083 1607 2146; x_wconf 88' lang='lat' dir='ltr'><strong>custodiendam</strong></span> <span class='ocrx_word' id='word_1_224' title='bbox 1646 2105 1718 2146; x_wconf 88' lang='lat' dir='ltr'><strong>ue</strong></span> <span class='ocrx_word' id='word_1_225' title='bbox 1745 2084 1973 2146; x_wconf 76' lang='lat' dir='ltr'><strong>missus·</strong></span> <span class='ocrx_word' id='word_1_226' title='bbox 2011 2085 2156 2145; x_wconf 89' lang='lat' dir='ltr'><strong>Urbs</strong></span> <span class='ocrx_word' id='word_1_227' title='bbox 2188 2085 2273 2146; x_wconf 89' lang='lat' dir='ltr'><strong>di-</strong></span> 
     </span>
     <span class='ocr_line' id='line_1_28' title="bbox 426 2163 2271 2245; baseline 0.002 -22"><span class='ocrx_word' id='word_1_228' title='bbox 426 2163 684 2245; x_wconf 87' lang='lat' dir='ltr'><strong>ripienda</strong></span> <span class='ocrx_word' id='word_1_229' title='bbox 727 2163 899 2225; x_wconf 90' lang='lat' dir='ltr'><strong>militi</strong></span> <span class='ocrx_word' id='word_1_230' title='bbox 936 2163 1068 2227; x_wconf 86' lang='lat' dir='ltr'><strong>data</strong></span> <span class='ocrx_word' id='word_1_231' title='bbox 1098 2173 1220 2241; x_wconf 87' lang='lat' dir='ltr'><strong>est,</strong></span> <span class='ocrx_word' id='word_1_232' title='bbox 1255 2163 1581 2226; x_wconf 84' lang='lat' dir='ltr'><strong>custodibus</strong></span> <span class='ocrx_word' id='word_1_233' title='bbox 1650 2163 1799 2225; x_wconf 81' lang='lat' dir='ltr'><strong>&#39;visis</strong></span> <span class='ocrx_word' id='word_1_234' title='bbox 1823 2166 1892 2202; x_wconf 81' lang='lat'><strong>²⁸⁸</strong></span> <span class='ocrx_word' id='word_1_235' title='bbox 1933 2184 2035 2245; x_wconf 91' lang='lat' dir='ltr'><strong>per</strong></span> <span class='ocrx_word' id='word_1_236' title='bbox 2071 2163 2271 2226; x_wconf 89' lang='lat' dir='ltr'><strong>domos</strong></span> 
     </span>
     <span class='ocr_line' id='line_1_29' title="bbox 421 2242 2269 2327; baseline 0.001 -24"><span class='ocrx_word' id='word_1_237' title='bbox 421 2263 657 2321; x_wconf 89' lang='lat' dir='ltr'><strong>eorum,</strong></span> <span class='ocrx_word' id='word_1_238' title='bbox 691 2242 793 2327; x_wconf 87' lang='lat' dir='ltr'><strong>qui</strong></span> <span class='ocrx_word' id='word_1_239' title='bbox 828 2243 979 2305; x_wconf 87' lang='lat' dir='ltr'><strong>intra</strong></span> <span class='ocrx_word' id='word_1_240' title='bbox 1005 2243 1265 2326; x_wconf 82' lang='lat' dir='ltr'><strong>praesidia</strong></span> <span class='ocrx_word' id='word_1_241' title='bbox 1301 2263 1537 2306; x_wconf 91' lang='lat' dir='ltr'><strong>romana</strong></span> <span class='ocrx_word' id='word_1_242' title='bbox 1563 2244 1808 2304; x_wconf 79' lang='lat' dir='ltr'><strong>fucrant.</strong></span> <span class='ocrx_word' id='word_1_243' title='bbox 1855 2244 2049 2316; x_wconf 88' lang='lat' dir='ltr'><strong>Quum</strong></span> <span class='ocrx_word' id='word_1_244' title='bbox 2088 2246 2269 2305; x_wconf 90' lang='lat' dir='ltr'><strong>multa</strong></span> 
     </span>
     <span class='ocr_line' id='line_1_30' title="bbox 423 2321 2271 2403; baseline 0.001 -22"><span class='ocrx_word' id='word_1_245' title='bbox 423 2321 626 2383; x_wconf 89' lang='lat' dir='ltr'><strong>deinde</strong></span> <span class='ocrx_word' id='word_1_246' title='bbox 645 2323 769 2400; x_wconf 80' lang='lat' dir='ltr'><strong>irae,</strong></span> <span class='ocrx_word' id='word_1_247' title='bbox 786 2324 968 2385; x_wconf 90' lang='lat' dir='ltr'><strong>multa</strong></span> <span class='ocrx_word' id='word_1_248' title='bbox 989 2323 1260 2399; x_wconf 70' lang='lat' dir='ltr'><strong>avaritiae,</strong></span> <span class='ocrx_word' id='word_1_249' title='bbox 1278 2323 1428 2385; x_wconf 80' lang='lat' dir='ltr'><strong>foeda</strong></span> <span class='ocrx_word' id='word_1_250' title='bbox 1448 2324 1704 2403; x_wconf 79' lang='lat' dir='ltr'><strong>exempla</strong></span> <span class='ocrx_word' id='word_1_251' title='bbox 1728 2322 2055 2398; x_wconf 87' lang='lat' dir='ltr'><strong>ederentur,</strong></span> <span class='ocrx_word' id='word_1_252' title='bbox 2070 2323 2271 2383; x_wconf 79' lang='lat' dir='ltr'><strong>Archi-</strong></span> 
     </span>
     <span class='ocr_line' id='line_1_31' title="bbox 427 2400 2267 2483; baseline 0 -23"><span class='ocrx_word' id='word_1_253' title='bbox 427 2400 651 2462; x_wconf 88' lang='lat' dir='ltr'><strong>medem</strong></span> <span class='ocrx_word' id='word_1_254' title='bbox 673 2401 963 2463; x_wconf 83' lang='lat' dir='ltr'><strong>memoriae</strong></span> <span class='ocrx_word' id='word_1_255' title='bbox 983 2401 1274 2483; x_wconf 89' lang='lat' dir='ltr'><strong>proditum</strong></span> <span class='ocrx_word' id='word_1_256' title='bbox 1295 2410 1401 2478; x_wconf 88' lang='lat' dir='ltr'><strong>est,</strong></span> <span class='ocrx_word' id='word_1_257' title='bbox 1424 2401 1487 2462; x_wconf 89' lang='lat' dir='ltr'><strong>in</strong></span> <span class='ocrx_word' id='word_1_258' title='bbox 1507 2408 1663 2464; x_wconf 89' lang='lat' dir='ltr'><strong>tanto</strong></span> <span class='ocrx_word' id='word_1_259' title='bbox 1683 2401 1960 2476; x_wconf 88' lang='lat' dir='ltr'><strong>tumultu,</strong></span> <span class='ocrx_word' id='word_1_260' title='bbox 1987 2409 2267 2480; x_wconf 81' lang='lat' dir='ltr'><strong>quantum</strong></span> 
     </span>
     <span class='ocr_line' id='line_1_32' title="bbox 421 2478 2266 2563; baseline -0.001 -23"><span class='ocrx_word' id='word_1_261' title='bbox 421 2488 589 2561; x_wconf 87' lang='lat' dir='ltr'><strong>capta</strong></span> <span class='ocrx_word' id='word_1_262' title='bbox 612 2479 750 2542; x_wconf 90' lang='lat' dir='ltr'><strong>urbs</strong></span> <span class='ocrx_word' id='word_1_263' title='bbox 773 2479 834 2541; x_wconf 93' lang='lat' dir='ltr'><strong>in</strong></span> <span class='ocrx_word' id='word_1_264' title='bbox 858 2479 1115 2543; x_wconf 87' lang='lat' dir='ltr'><strong>discursu</strong></span> <span class='ocrx_word' id='word_1_265' title='bbox 1138 2480 1535 2563; x_wconf 87' lang='lat' dir='ltr'><strong>diripientium</strong></span> <span class='ocrx_word' id='word_1_266' title='bbox 1561 2480 1816 2542; x_wconf 87' lang='lat' dir='ltr'><strong>militum</strong></span> <span class='ocrx_word' id='word_1_267' title='bbox 1838 2478 1985 2541; x_wconf 88' lang='lat' dir='ltr'><strong>ciere</strong></span> <span class='ocrx_word' id='word_1_268' title='bbox 2009 2486 2229 2559; x_wconf 89' lang='lat' dir='ltr'><strong>poterat</strong></span> <span class='ocrx_word' id='word_1_269' title='bbox 2245 2525 2266 2556; x_wconf 93' lang='lat'><strong>,</strong></span> 
     </span>
    </p>
   </div>
   <div class='ocr_carea' id='block_1_5' title="bbox 420 2680 2272 3588">
    <p class='ocr_par' dir='ltr' id='par_1_5' title="bbox 420 2680 2272 3588">
     <span class='ocr_line' id='line_1_33' title="bbox 477 2680 2266 2742; baseline -0.001 -14"><span class='ocrx_word' id='word_1_270' title='bbox 477 2684 547 2720; x_wconf 75' lang='lat'><strong>²⁸¹</strong></span> <span class='ocrx_word' id='word_1_271' title='bbox 574 2684 944 2742; x_wconf 69' lang='lat' dir='ltr'><strong>Intrapraesidia</strong></span> <span class='ocrx_word' id='word_1_272' title='bbox 957 2698 1161 2736; x_wconf 78' lang='lat' dir='ltr'><strong>romana,</strong></span> <span class='ocrx_word' id='word_1_273' title='bbox 1178 2687 1318 2730; x_wconf 76' lang='lat' dir='ltr'><strong>«dans</strong></span> <span class='ocrx_word' id='word_1_274' title='bbox 1372 2683 1650 2734; x_wconf 71' lang='lat' dir='ltr'><strong>manuscritS,</strong></span> <span class='ocrx_word' id='word_1_275' title='bbox 1678 2680 1796 2738; x_wconf 78' lang='lat' dir='ltr'><strong>quod</strong></span> <span class='ocrx_word' id='word_1_276' title='bbox 1823 2691 1981 2736; x_wconf 78' lang='lat' dir='ltr'><strong>capere</strong></span> <span class='ocrx_word' id='word_1_277' title='bbox 2007 2680 2266 2739; x_wconf 73' lang='lat' dir='ltr'><strong>Syracusae</strong></span> 
     </span>
     <span class='ocr_line' id='line_1_34' title="bbox 420 2736 2266 2793; baseline -0.002 -11"><span class='ocrx_word' id='word_1_278' title='bbox 420 2739 488 2782; x_wconf 77' lang='lat' dir='ltr'><strong>les</strong></span> <span class='ocrx_word' id='word_1_279' title='bbox 504 2751 584 2783; x_wconf 79' lang='lat' dir='ltr'><strong>ran</strong></span> <span class='ocrx_word' id='word_1_280' title='bbox 655 2741 735 2783; x_wconf 81' lang='lat' dir='ltr'><strong>des</strong></span> <span class='ocrx_word' id='word_1_281' title='bbox 751 2740 980 2784; x_wconf 76' lang='lat' dir='ltr'><strong>Romains.</strong></span> <span class='ocrx_word' id='word_1_282' title='bbox 997 2756 1020 2781; x_wconf 87' lang='lat'>›</span> <span class='ocrx_word' id='word_1_283' title='bbox 1363 2736 1576 2793; x_wconf 71' lang='lat' dir='ltr'><strong>potuisset</strong></span> <span class='ocrx_word' id='word_1_284' title='bbox 1593 2765 1606 2787; x_wconf 92' lang='lat'><strong>,</strong></span> <span class='ocrx_word' id='word_1_285' title='bbox 1635 2746 1692 2778; x_wconf 87' lang='lat' dir='ltr'><strong>au</strong></span> <span class='ocrx_word' id='word_1_286' title='bbox 1715 2736 1809 2777; x_wconf 88' lang='lat' dir='ltr'><strong>lieu</strong></span> <span class='ocrx_word' id='word_1_287' title='bbox 1840 2736 1897 2777; x_wconf 73' lang='lat' dir='ltr'><strong>tle</strong></span> <span class='ocrx_word' id='word_1_288' title='bbox 1932 2746 2066 2790; x_wconf 67' lang='lat' dir='ltr'><strong>quam</strong></span> <span class='ocrx_word' id='word_1_289' title='bbox 2191 2750 2266 2782; x_wconf 84' lang='lat' dir='ltr'><strong>ere</strong></span> 
     </span>
     <span class='ocr_line' id='line_1_35' title="bbox 477 2787 2265 2853; baseline 0.006 -29"><span class='ocrx_word' id='word_1_290' title='bbox 477 2790 545 2826; x_wconf 71' lang='lat'><strong>1³⁸</strong></span> <span class='ocrx_word' id='word_1_291' title='bbox 621 2805 690 2841; x_wconf 82' lang='lat' dir='ltr'><strong>uo,</strong></span> <span class='ocrx_word' id='word_1_292' title='bbox 705 2805 874 2838; x_wconf 86' lang='lat' dir='ltr'><strong>comme</strong></span> <span class='ocrx_word' id='word_1_293' title='bbox 894 2793 944 2835; x_wconf 74' lang='lat' dir='ltr'><strong>in</strong></span> <span class='ocrx_word' id='word_1_294' title='bbox 962 2804 1084 2849; x_wconf 69' lang='lat' dir='ltr'><strong>quos.</strong></span> <span class='ocrx_word' id='word_1_295' title='bbox 1373 2791 1629 2846; x_wconf 70' lang='lat' dir='ltr'><strong>,syracusas</strong></span> <span class='ocrx_word' id='word_1_296' title='bbox 1652 2787 1860 2842; x_wconf 72' lang='lat' dir='ltr'><strong>potuisse,</strong></span> <span class='ocrx_word' id='word_1_297' title='bbox 1888 2798 1974 2842; x_wconf 84' lang='lat' dir='ltr'><strong>que</strong></span> <span class='ocrx_word' id='word_1_298' title='bbox 1999 2794 2126 2853; x_wconf 80' lang='lat' dir='ltr'><strong>porte</strong></span> <span class='ocrx_word' id='word_1_299' title='bbox 2170 2789 2265 2834; x_wconf 77' lang='lat' dir='ltr'><strong>edi-</strong></span> 
     </span>
     <span class='ocr_line' id='line_1_36' title="bbox 477 2840 2265 2914; baseline -0.001 -24"><span class='ocrx_word' id='word_1_300' title='bbox 477 2843 546 2879; x_wconf 65' lang='lat'><strong>¹⁸⁸</strong></span> <span class='ocrx_word' id='word_1_301' title='bbox 577 2843 699 2895; x_wconf 73' lang='lat' dir='ltr'><strong>Quid</strong></span> <span class='ocrx_word' id='word_1_302' title='bbox 720 2845 973 2900; x_wconf 73' lang='lat' dir='ltr'><strong>potuerint,</strong></span> <span class='ocrx_word' id='word_1_303' title='bbox 993 2851 1096 2897; x_wconf 68' lang='lat' dir='ltr'><strong>eto„</strong></span> <span class='ocrx_word' id='word_1_304' title='bbox 1127 2857 1149 2883; x_wconf 67' lang='lat' dir='ltr'><strong>c</strong></span> <span class='ocrx_word' id='word_1_305' title='bbox 1172 2855 1224 2887; x_wconf 86' lang='lat' dir='ltr'><strong>ce</strong></span> <span class='ocrx_word' id='word_1_306' title='bbox 1243 2844 1319 2914; x_wconf 53' lang='lat' dir='ltr'><strong>qul</strong></span> <span class='ocrx_word' id='word_1_307' title='bbox 1372 2845 1465 2886; x_wconf 84' lang='lat' dir='ltr'><strong>tion</strong></span> <span class='ocrx_word' id='word_1_308' title='bbox 1484 2842 1704 2885; x_wconf 79' lang='lat' dir='ltr'><strong>Lemaire.</strong></span> <span class='ocrx_word' id='word_1_309' title='bbox 1735 2840 1784 2885; x_wconf 86' lang='lat' dir='ltr'><strong>Si</strong></span> <span class='ocrx_word' id='word_1_310' title='bbox 1804 2852 1860 2884; x_wconf 89' lang='lat' dir='ltr'><strong>on</strong></span> <span class='ocrx_word' id='word_1_311' title='bbox 1881 2843 2040 2885; x_wconf 78' lang='lat' dir='ltr'><strong>suivmt</strong></span> <span class='ocrx_word' id='word_1_312' title='bbox 2063 2848 2181 2887; x_wconf 81' lang='lat' dir='ltr'><strong>cette</strong></span> <span class='ocrx_word' id='word_1_313' title='bbox 2197 2845 2265 2888; x_wconf 84' lang='lat' dir='ltr'><strong>le·</strong></span> 
     </span>
     <span class='ocr_line' id='line_1_37' title="bbox 422 2891 2263 2952; baseline 0.001 -13"><span class='ocrx_word' id='word_1_314' title='bbox 422 2898 519 2940; x_wconf 81' lang='lat' dir='ltr'><strong>leur</strong></span> <span class='ocrx_word' id='word_1_315' title='bbox 543 2897 733 2941; x_wconf 80' lang='lat' dir='ltr'><strong>donnait</strong></span> <span class='ocrx_word' id='word_1_316' title='bbox 757 2900 804 2942; x_wconf 76' lang='lat' dir='ltr'><strong>la</strong></span> <span class='ocrx_word' id='word_1_317' title='bbox 826 2909 1001 2941; x_wconf 83' lang='lat' dir='ltr'><strong>mesuro</strong></span> <span class='ocrx_word' id='word_1_318' title='bbox 1028 2899 1084 2941; x_wconf 81' lang='lat' dir='ltr'><strong>de</strong></span> <span class='ocrx_word' id='word_1_319' title='bbox 1112 2907 1163 2941; x_wconf 86' lang='lat' dir='ltr'><strong>ce</strong></span> <span class='ocrx_word' id='word_1_320' title='bbox 1220 2898 1319 2939; x_wconf 78' lang='lat' dir='ltr'><strong>uils</strong></span> <span class='ocrx_word' id='word_1_321' title='bbox 1373 2907 1484 2952; x_wconf 72' lang='lat' dir='ltr'><strong>con,</strong></span> <span class='ocrx_word' id='word_1_322' title='bbox 1516 2891 1707 2948; x_wconf 65' lang='lat' dir='ltr'><strong>adoptee</strong></span> <span class='ocrx_word' id='word_1_323' title='bbox 1737 2905 1843 2937; x_wconf 80' lang='lat' dir='ltr'><strong>avec</strong></span> <span class='ocrx_word' id='word_1_324' title='bbox 1904 2895 2086 2950; x_wconf 74' lang='lat' dir='ltr'><strong>uelques</strong></span> <span class='ocrx_word' id='word_1_325' title='bbox 2117 2896 2161 2940; x_wconf 82' lang='grc'><strong>16</strong></span> <span class='ocrx_word' id='word_1_326' title='bbox 2192 2910 2263 2941; x_wconf 79' lang='lat' dir='ltr'><strong>ers</strong></span> 
     </span>
     <span class='ocr_line' id='line_1_38' title="bbox 421 2949 2266 3020; baseline 0.001 -28"><span class='ocrx_word' id='word_1_327' title='bbox 421 2951 624 2994; x_wconf 69' lang='lat' dir='ltr'><strong>munient</strong></span> <span class='ocrx_word' id='word_1_328' title='bbox 635 2964 696 3005; x_wconf 91' lang='lat' dir='ltr'><strong>pu</strong></span> <span class='ocrx_word' id='word_1_329' title='bbox 711 2953 838 3015; x_wconf 62' lang='lat' dir='ltr'><strong>faire,</strong></span> <span class='ocrx_word' id='word_1_330' title='bbox 855 2949 1003 2994; x_wconf 84' lang='lat' dir='ltr'><strong>c&#39;e&#39;tait</strong></span> <span class='ocrx_word' id='word_1_331' title='bbox 1013 2950 1198 3003; x_wconf 84' lang='lat' dir='ltr'><strong>l’exemp</strong></span> <span class='ocrx_word' id='word_1_332' title='bbox 1217 2962 1243 2992; x_wconf 87' lang='lat' dir='ltr'><strong>e</strong></span> <span class='ocrx_word' id='word_1_333' title='bbox 1260 2950 1318 2992; x_wconf 82' lang='lat' dir='ltr'><strong>de</strong></span> <span class='ocrx_word' id='word_1_334' title='bbox 1372 2949 1782 3013; x_wconf 39' lang='lat' dir='ltr'><strong>epangements‘par</strong></span> <span class='ocrx_word' id='word_1_335' title='bbox 1919 2949 2130 3020; x_wconf 56' lang='lat' dir='ltr'><strong>euborch,</strong></span> <span class='ocrx_word' id='word_1_336' title='bbox 2190 2961 2266 2993; x_wconf 81' lang='lat' dir='ltr'><strong>oe-</strong></span> 
     </span>
     <span class='ocr_line' id='line_1_39' title="bbox 421 2998 2267 3109; baseline -0.002 -9"><span class='ocrx_word' id='word_1_337' title='bbox 421 3004 1183 3106; x_wconf 54' lang='lat' dir='ltr'><strong>¹⁶ffim02225‘531&#39;oe2325‘01223mm,</strong></span> <span class='ocrx_word' id='word_1_338' title='bbox 1229 3060 1316 3099; x_wconf 62' lang='lat' dir='ltr'><strong>ew.</strong></span> <span class='ocrx_word' id='word_1_339' title='bbox 1369 3014 1439 3109; x_wconf 58' lang='grc' dir='ltr'><strong>ξιξ</strong></span> <span class='ocrx_word' id='word_1_340' title='bbox 1473 2998 2267 3107; x_wconf 40' lang='lat'><strong>’05200‘2‘23053102032‘204‘022‘3525512</strong></span> 
     </span>
     <span class='ocr_line' id='line_1_40' title="bbox 425 3104 2268 3170; baseline 0.001 -20"><span class='ocrx_word' id='word_1_341' title='bbox 425 3121 446 3143; x_wconf 70' lang='grc' dir='ltr'>ι</span> <span class='ocrx_word' id='word_1_342' title='bbox 466 3108 631 3153; x_wconf 82' lang='lat' dir='ltr'><strong>Toutes</strong></span> <span class='ocrx_word' id='word_1_343' title='bbox 655 3111 723 3153; x_wconf 86' lang='lat' dir='ltr'><strong>les</strong></span> <span class='ocrx_word' id='word_1_344' title='bbox 749 3112 951 3164; x_wconf 82' lang='lat' dir='ltr'><strong>fatigues,</strong></span> <span class='ocrx_word' id='word_1_345' title='bbox 979 3115 1079 3154; x_wconf 85' lang='lat' dir='ltr'><strong>tous</strong></span> <span class='ocrx_word' id='word_1_346' title='bbox 1097 3111 1165 3153; x_wconf 86' lang='lat' dir='ltr'><strong>les</strong></span> <span class='ocrx_word' id='word_1_347' title='bbox 1181 3108 1318 3165; x_wconf 72' lang='lat' dir='ltr'><strong>pei-ils</strong></span> <span class='ocrx_word' id='word_1_348' title='bbox 1371 3108 1490 3151; x_wconf 79' lang='lat' dir='ltr'><strong>aussi</strong></span> <span class='ocrx_word' id='word_1_349' title='bbox 1507 3108 1614 3151; x_wconf 82' lang='lat' dir='ltr'><strong>bien</strong></span> <span class='ocrx_word' id='word_1_350' title='bbox 1642 3105 1789 3151; x_wconf 71' lang='lat' dir='ltr'><strong>recum</strong></span> <span class='ocrx_word' id='word_1_351' title='bbox 1880 3104 1928 3149; x_wconf 69' lang='lat' dir='ltr'><strong>se</strong></span> <span class='ocrx_word' id='word_1_352' title='bbox 1956 3108 2011 3150; x_wconf 85' lang='lat' dir='ltr'><strong>de</strong></span> <span class='ocrx_word' id='word_1_353' title='bbox 2034 3112 2182 3170; x_wconf 71' lang='lat' dir='ltr'><strong>toutes</strong></span> <span class='ocrx_word' id='word_1_354' title='bbox 2200 3109 2268 3151; x_wconf 70' lang='lat' dir='ltr'><strong>les</strong></span> 
     </span>
     <span class='ocr_line' id='line_1_41' title="bbox 425 3158 2268 3224; baseline -0.001 -22"><span class='ocrx_word' id='word_1_355' title='bbox 425 3162 554 3223; x_wconf 67' lang='lat' dir='ltr'><strong>qu&#39;un</strong></span> <span class='ocrx_word' id='word_1_356' title='bbox 574 3164 613 3205; x_wconf 84' lang='lat' dir='ltr'><strong>si</strong></span> <span class='ocrx_word' id='word_1_357' title='bbox 630 3164 737 3217; x_wconf 79' lang='lat' dir='ltr'><strong>long</strong></span> <span class='ocrx_word' id='word_1_358' title='bbox 753 3163 875 3218; x_wconf 73' lang='lat' dir='ltr'><strong>siege</strong></span> <span class='ocrx_word' id='word_1_359' title='bbox 892 3165 955 3206; x_wconf 90' lang='lat' dir='ltr'><strong>lui</strong></span> <span class='ocrx_word' id='word_1_360' title='bbox 974 3165 1091 3206; x_wconf 79' lang='lat' dir='ltr'><strong>avait</strong></span> <span class='ocrx_word' id='word_1_361' title='bbox 1107 3160 1316 3218; x_wconf 61' lang='lat' dir='ltr'><strong>impostis,</strong></span> <span class='ocrx_word' id='word_1_362' title='bbox 1370 3162 1558 3214; x_wconf 75' lang='lat' dir='ltr'><strong>tatigues</strong></span> <span class='ocrx_word' id='word_1_363' title='bbox 1577 3160 1681 3224; x_wconf 81' lang='lat' dir='ltr'><strong>qu’il</strong></span> <span class='ocrx_word' id='word_1_364' title='bbox 1699 3172 1753 3224; x_wconf 69' lang='lat' dir='ltr'><strong>ay</strong></span> <span class='ocrx_word' id='word_1_365' title='bbox 1800 3165 1819 3201; x_wconf 81' lang='lat' dir='ltr'><strong>t</strong></span> <span class='ocrx_word' id='word_1_366' title='bbox 1834 3158 2067 3206; x_wconf 74' lang='lat' dir='ltr'><strong>eutitii-ees.</strong></span> <span class='ocrx_word' id='word_1_367' title='bbox 2087 3160 2190 3213; x_wconf 83' lang='lat' dir='ltr'><strong>qu’11</strong></span> <span class='ocrx_word' id='word_1_368' title='bbox 2209 3171 2268 3220; x_wconf 64' lang='grc' dir='ltr'><strong>ηρ</strong></span> 
     </span>
     <span class='ocr_line' id='line_1_42' title="bbox 423 3212 2268 3276; baseline -0.001 -21"><span class='ocrx_word' id='word_1_369' title='bbox 423 3216 455 3255; x_wconf 84' lang='grc' dir='ltr'><strong>ι1</strong></span> <span class='ocrx_word' id='word_1_370' title='bbox 482 3213 574 3257; x_wconf 87' lang='lat' dir='ltr'><strong>s’en</strong></span> <span class='ocrx_word' id='word_1_371' title='bbox 601 3219 792 3259; x_wconf 79' lang='lat' dir='ltr'><strong>trouvait</strong></span> <span class='ocrx_word' id='word_1_372' title='bbox 814 3216 1160 3260; x_wconf 75' lang='lat' dir='ltr'><strong>medicei-emeat</strong></span> <span class='ocrx_word' id='word_1_373' title='bbox 1185 3212 1316 3270; x_wconf 74' lang='lat' dir='ltr'><strong>paye‚</strong></span> <span class='ocrx_word' id='word_1_374' title='bbox 1368 3213 1541 3257; x_wconf 87' lang='lat' dir='ltr'><strong>l’aurait</strong></span> <span class='ocrx_word' id='word_1_375' title='bbox 1574 3212 1646 3256; x_wconf 67' lang='lat' dir='ltr'><strong>ete</strong></span> <span class='ocrx_word' id='word_1_376' title='bbox 1682 3213 1750 3256; x_wconf 75' lang='lat' dir='ltr'><strong>s&#39;il</strong></span> <span class='ocrx_word' id='word_1_377' title='bbox 1782 3214 1902 3255; x_wconf 80' lang='lat' dir='ltr'><strong>avait</strong></span> <span class='ocrx_word' id='word_1_378' title='bbox 1924 3224 1984 3266; x_wconf 87' lang='lat' dir='ltr'><strong>pu</strong></span> <span class='ocrx_word' id='word_1_379' title='bbox 2014 3212 2205 3276; x_wconf 61' lang='lat' dir='ltr'><strong>prendre</strong></span> <span class='ocrx_word' id='word_1_380' title='bbox 2240 3224 2268 3253; x_wconf 84' lang='lat' dir='ltr'><strong>a</strong></span> 
     </span>
     <span class='ocr_line' id='line_1_43' title="bbox 425 3264 2267 3321; baseline 0.004 -13"><span class='ocrx_word' id='word_1_381' title='bbox 425 3266 521 3318; x_wconf 85' lang='lat' dir='ltr'><strong>puis</strong></span> <span class='ocrx_word' id='word_1_382' title='bbox 554 3279 625 3321; x_wconf 88' lang='lat' dir='ltr'><strong>ue,</strong></span> <span class='ocrx_word' id='word_1_383' title='bbox 645 3269 916 3315; x_wconf 82' lang='lat' dir='ltr'><strong>finalement.</strong></span> <span class='ocrx_word' id='word_1_384' title='bbox 937 3270 971 3311; x_wconf 80' lang='lat' dir='ltr'><strong>u</strong></span> <span class='ocrx_word' id='word_1_385' title='bbox 994 3270 1058 3312; x_wconf 81' lang='lat' dir='ltr'><strong>lui</strong></span> <span class='ocrx_word' id='word_1_386' title='bbox 1078 3270 1195 3311; x_wconf 81' lang='lat' dir='ltr'><strong>avait</strong></span> <span class='ocrx_word' id='word_1_387' title='bbox 1210 3269 1320 3311; x_wconf 82' lang='lat' dir='ltr'><strong>fallu</strong></span> <span class='ocrx_word' id='word_1_388' title='bbox 1371 3271 1515 3320; x_wconf 87' lang='lat' dir='ltr'><strong>temps</strong></span> <span class='ocrx_word' id='word_1_389' title='bbox 1550 3265 1801 3319; x_wconf 74' lang='lat' dir='ltr'><strong>Syracus03</strong></span> <span class='ocrx_word' id='word_1_390' title='bbox 1831 3278 1854 3303; x_wconf 64' lang='grc' dir='ltr'><strong>ι</strong></span> <span class='ocrx_word' id='word_1_391' title='bbox 1901 3277 1953 3309; x_wconf 80' lang='lat' dir='ltr'><strong>oe</strong></span> <span class='ocrx_word' id='word_1_392' title='bbox 1997 3266 2098 3318; x_wconf 83' lang='lat' dir='ltr'><strong>qui,</strong></span> <span class='ocrx_word' id='word_1_393' title='bbox 2137 3264 2267 3305; x_wconf 72' lang='lat' dir='ltr'><strong>dune</strong></span> 
     </span>
     <span class='ocr_line' id='line_1_44' title="bbox 455 3315 2268 3375; baseline 0.001 -15"><span class='ocrx_word' id='word_1_394' title='bbox 455 3331 532 3361; x_wconf 87' lang='lat' dir='ltr'><strong>ren</strong></span> <span class='ocrx_word' id='word_1_395' title='bbox 588 3331 614 3362; x_wconf 88' lang='lat' dir='ltr'><strong>e</strong></span> <span class='ocrx_word' id='word_1_396' title='bbox 645 3320 860 3374; x_wconf 83' lang='lat' dir='ltr'><strong>Syracuse</strong></span> <span class='ocrx_word' id='word_1_397' title='bbox 900 3323 958 3364; x_wconf 81' lang='lat' dir='ltr'><strong>de</strong></span> <span class='ocrx_word' id='word_1_398' title='bbox 989 3323 1088 3366; x_wconf 81' lang='lat' dir='ltr'><strong>vive</strong></span> <span class='ocrx_word' id='word_1_399' title='bbox 1124 3324 1256 3365; x_wconf 81' lang='lat' dir='ltr'><strong>force.</strong></span> <span class='ocrx_word' id='word_1_400' title='bbox 1294 3333 1317 3359; x_wconf 67' lang='lat'><strong>³</strong></span> <span class='ocrx_word' id='word_1_401' title='bbox 1369 3325 1484 3375; x_wconf 79' lang='lat' dir='ltr'><strong>part,</strong></span> <span class='ocrx_word' id='word_1_402' title='bbox 1502 3323 1572 3362; x_wconf 86' lang='lat' dir='ltr'><strong>est</strong></span> <span class='ocrx_word' id='word_1_403' title='bbox 1588 3330 1710 3362; x_wconf 78' lang='lat' dir='ltr'><strong>assez</strong></span> <span class='ocrx_word' id='word_1_404' title='bbox 1724 3317 1896 3368; x_wconf 65' lang='lat' dir='ltr'><strong>buche,</strong></span> <span class='ocrx_word' id='word_1_405' title='bbox 1915 3322 1962 3360; x_wconf 79' lang='lat' dir='ltr'><strong>et</strong></span> <span class='ocrx_word' id='word_1_406' title='bbox 1976 3328 2027 3359; x_wconf 77' lang='lat' dir='ltr'><strong>ce</strong></span> <span class='ocrx_word' id='word_1_407' title='bbox 2044 3316 2132 3369; x_wconf 78' lang='lat' dir='ltr'><strong>qui.</strong></span> <span class='ocrx_word' id='word_1_408' title='bbox 2150 3315 2268 3357; x_wconf 71' lang='grc' dir='ltr'>(Γαυ-</span> 
     </span>
     <span class='ocr_line' id='line_1_45' title="bbox 468 3369 2267 3432; baseline -0.002 -19"><span class='ocrx_word' id='word_1_409' title='bbox 468 3370 572 3423; x_wconf 64' lang='lat' dir='ltr'><strong>oilli,</strong></span> <span class='ocrx_word' id='word_1_410' title='bbox 609 3375 735 3416; x_wconf 87' lang='lat' dir='ltr'><strong>selon</strong></span> <span class='ocrx_word' id='word_1_411' title='bbox 772 3387 900 3427; x_wconf 86' lang='lat' dir='ltr'><strong>nous,</strong></span> <span class='ocrx_word' id='word_1_412' title='bbox 934 3375 979 3418; x_wconf 86' lang='lat' dir='ltr'><strong>le</strong></span> <span class='ocrx_word' id='word_1_413' title='bbox 1012 3385 1119 3417; x_wconf 78' lang='lat' dir='ltr'><strong>sens</strong></span> <span class='ocrx_word' id='word_1_414' title='bbox 1144 3375 1187 3417; x_wconf 88' lang='lat' dir='ltr'><strong>le</strong></span> <span class='ocrx_word' id='word_1_415' title='bbox 1220 3375 1321 3427; x_wconf 87' lang='lat' dir='ltr'><strong>plus</strong></span> <span class='ocrx_word' id='word_1_416' title='bbox 1370 3377 1438 3416; x_wconf 82' lang='lat' dir='ltr'><strong>tre</strong></span> <span class='ocrx_word' id='word_1_417' title='bbox 1473 3376 1596 3425; x_wconf 84' lang='lat' dir='ltr'><strong>part,</strong></span> <span class='ocrx_word' id='word_1_418' title='bbox 1629 3370 1744 3414; x_wconf 78' lang='lat' dir='ltr'><strong>n&#39;est</strong></span> <span class='ocrx_word' id='word_1_419' title='bbox 1782 3369 1915 3432; x_wconf 63' lang='lat' dir='ltr'><strong>gnere</strong></span> <span class='ocrx_word' id='word_1_420' title='bbox 1954 3370 2177 3411; x_wconf 73' lang='lat' dir='ltr'><strong>conforme</strong></span> <span class='ocrx_word' id='word_1_421' title='bbox 2212 3380 2267 3428; x_wconf 79' lang='lat' dir='ltr'><strong>au</strong></span> 
     </span>
     <span class='ocr_line' id='line_1_46' title="bbox 425 3420 2272 3481; baseline -0.002 -16"><span class='ocrx_word' id='word_1_422' title='bbox 425 3425 638 3476; x_wconf 83' lang='lat' dir='ltr'><strong>probable</strong></span> <span class='ocrx_word' id='word_1_423' title='bbox 665 3427 720 3470; x_wconf 83' lang='lat' dir='ltr'><strong>de</strong></span> <span class='ocrx_word' id='word_1_424' title='bbox 748 3433 865 3471; x_wconf 71' lang='lat' dir='ltr'><strong>cette</strong></span> <span class='ocrx_word' id='word_1_425' title='bbox 919 3427 1065 3477; x_wconf 76' lang='lat' dir='ltr'><strong>brasc,</strong></span> <span class='ocrx_word' id='word_1_426' title='bbox 1087 3428 1162 3481; x_wconf 84' lang='lat' dir='ltr'><strong>qui</strong></span> <span class='ocrx_word' id='word_1_427' title='bbox 1187 3439 1216 3469; x_wconf 80' lang='lat' dir='ltr'><strong>a</strong></span> <span class='ocrx_word' id='word_1_428' title='bbox 1233 3430 1322 3469; x_wconf 80' lang='lat' dir='ltr'><strong>fort</strong></span> <span class='ocrx_word' id='word_1_429' title='bbox 1373 3424 1595 3469; x_wconf 66' lang='lat' dir='ltr'><strong>caractere</strong></span> <span class='ocrx_word' id='word_1_430' title='bbox 1610 3425 1666 3466; x_wconf 82' lang='lat' dir='ltr'><strong>de</strong></span> <span class='ocrx_word' id='word_1_431' title='bbox 1680 3420 1866 3465; x_wconf 69' lang='lat' dir='ltr'><strong>sever-ite</strong></span> <span class='ocrx_word' id='word_1_432' title='bbox 1881 3422 1991 3463; x_wconf 83' lang='lat' dir='ltr'><strong>dont</strong></span> <span class='ocrx_word' id='word_1_433' title='bbox 2007 3425 2103 3481; x_wconf 70' lang='lat' dir='ltr'><strong>tout</strong></span> <span class='ocrx_word' id='word_1_434' title='bbox 2118 3420 2161 3459; x_wconf 83' lang='lat' dir='ltr'><strong>le</strong></span> <span class='ocrx_word' id='word_1_435' title='bbox 2178 3420 2272 3461; x_wconf 62' lang='lat' dir='ltr'><strong>dw-</strong></span> 
     </span>
     <span class='ocr_line' id='line_1_47' title="bbox 425 3474 2193 3533; baseline -0.004 -17"><span class='ocrx_word' id='word_1_436' title='bbox 425 3476 582 3520; x_wconf 71' lang='lat' dir='ltr'><strong>exeree</strong></span> <span class='ocrx_word' id='word_1_437' title='bbox 610 3479 679 3521; x_wconf 77' lang='lat' dir='ltr'><strong>les</strong></span> <span class='ocrx_word' id='word_1_438' title='bbox 708 3481 857 3533; x_wconf 81' lang='lat' dir='ltr'><strong>interp</strong></span> <span class='ocrx_word' id='word_1_439' title='bbox 908 3485 993 3524; x_wconf 81' lang='lat' dir='ltr'><strong>tes.</strong></span> <span class='ocrx_word' id='word_1_440' title='bbox 1028 3478 1151 3522; x_wconf 77' lang='lat' dir='ltr'><strong>Nous</strong></span> <span class='ocrx_word' id='word_1_441' title='bbox 1186 3491 1323 3523; x_wconf 84' lang='lat' dir='ltr'><strong>avons</strong></span> <span class='ocrx_word' id='word_1_442' title='bbox 1373 3490 1501 3523; x_wconf 79' lang='lat' dir='ltr'><strong>cours</strong></span> <span class='ocrx_word' id='word_1_443' title='bbox 1517 3478 1573 3519; x_wconf 81' lang='lat' dir='ltr'><strong>de</strong></span> <span class='ocrx_word' id='word_1_444' title='bbox 1593 3474 1832 3519; x_wconf 80' lang='lat' dir='ltr'><strong>Marcellus</strong></span> <span class='ocrx_word' id='word_1_445' title='bbox 1851 3477 1922 3514; x_wconf 83' lang='lat' dir='ltr'><strong>est</strong></span> <span class='ocrx_word' id='word_1_446' title='bbox 1938 3475 2169 3532; x_wconf 60' lang='lat' dir='ltr'><strong>emprernt.</strong></span> <span class='ocrx_word' id='word_1_447' title='bbox 2183 3519 2193 3528; x_wconf 39' lang='lat'>¹</span> 
     </span>
     <span class='ocr_line' id='line_1_48' title="bbox 426 3522 2264 3588; baseline -0.003 -14"><span class='ocrx_word' id='word_1_448' title='bbox 426 3529 591 3582; x_wconf 61' lang='lat' dir='ltr'><strong>adopt&amp;</strong></span> <span class='ocrx_word' id='word_1_449' title='bbox 632 3531 678 3575; x_wconf 76' lang='lat' dir='ltr'><strong>la</strong></span> <span class='ocrx_word' id='word_1_450' title='bbox 708 3532 840 3587; x_wconf 68' lang='lat' dir='ltr'><strong>lecon</strong></span> <span class='ocrx_word' id='word_1_451' title='bbox 879 3534 959 3576; x_wconf 73' lang='lat' dir='ltr'><strong>des</strong></span> <span class='ocrx_word' id='word_1_452' title='bbox 997 3534 1097 3588; x_wconf 83' lang='lat' dir='ltr'><strong>plus</strong></span> <span class='ocrx_word' id='word_1_453' title='bbox 1141 3534 1326 3576; x_wconf 82' lang='lat' dir='ltr'><strong>anciens</strong></span> <span class='ocrx_word' id='word_1_454' title='bbox 1426 3527 1880 3586; x_wconf 55' lang='lat' dir='ltr'><strong>”omonimum</strong></span> <span class='ocrx_word' id='word_1_455' title='bbox 1894 3523 1968 3564; x_wconf 64' lang='grc' dir='ltr'><strong>όῑό</strong></span> <span class='ocrx_word' id='word_1_456' title='bbox 1985 3522 2264 3562; x_wconf 62' lang='grc' dir='ltr'><strong>ᾱιΒῑΠΒΒΘΙ-’</strong></span> 
     </span>
    </p>
   </div>
  </div>
 </body>
</html>
