2525 3984
319 135 432 194 168
960 130 1511 189 NARRATIONES.

316 266 418 328 reli
499 264 600 339 i⁶⁹,
626 262 1079 324 discesseruntw.
1114 263 1332 324 Secutae
1363 270 1496 323 sunt
1521 261 1817 322 continuos
1848 265 2172 344 complures

315 345 434 406 dies
462 346 480 380 ¹
505 350 883 423 tempestates,
904 362 1031 422 quae
1057 349 1115 402 et
1138 349 1358 402 nostros
1392 341 1453 400 in
1481 340 1677 401 castris
1705 341 2080 420 continerent,
2112 357 2172 407 et

318 426 538 485 hostem
566 442 599 483 a
637 442 828 503 pugna
861 420 1243 501 prohiberent.
1301 419 1540 482 Interim
1579 420 1805 481 barbari
1844 421 2073 486 nuntios
2107 423 2170 487 in

317 524 514 564 omnes
547 509 732 592 partes
759 499 1121 575 dimiserunt,
1150 499 1604 580 paucitatemque
1642 508 1970 562 nostrorum
2003 502 2170 565 mili-

318 591 443 644 tum
477 602 594 643 suis
615 578 1082 661 praedicaverunt,
1116 587 1176 639 et
1206 586 1418 660 quanta
1440 578 1641 659 praedae
1669 578 1961 656 faciendae,
1999 590 2172 664 atque

316 662 377 722 in
413 668 754 742 perpetuum
787 657 874 719 sui
917 657 1190 719 liberandi
1229 659 1462 719 facultas
1502 657 1756 734 daretur,
1797 658 1845 719 si
1883 662 2171 727 Romanos

317 740 513 802 castris
567 737 928 820 expulissent,
964 738 1512 798 demonstraverunt.
1557 735 1658 797 His
1704 738 1873 800 rebus
1915 740 2171 804 celeriter

320 839 525 900 magna
554 817 917 879 multitudine
936 815 1218 899 peditatus
1236 815 1651 898 equitatusque,
1675 825 1867 879 coacta
1887 818 1958 880 ad
1986 828 2170 882 castra

321 905 619 960 venerunt.

397 994 581 1055 caesar
597 1037 618 1069 ,
655 991 758 1051 etsi
786 991 979 1068 idem,
1008 992 1157 1073 quod
1201 991 1587 1073 superioribus
1629 993 1830 1055 dicbus
1863 993 2165 1071 acciderat,

319 1073 437 1134 fore
462 1071 708 1147 videbat,
731 1080 820 1145 ut,
843 1071 890 1131 si
920 1079 1105 1133 essent
1133 1073 1322 1132 hostes
1345 1070 1515 1153 pulsi,
1545 1072 1828 1134 celeritate
1849 1073 2164 1154 periculum

320 1153 629 1232 effugerent
673 1167 689 1211 :
728 1156 918 1210 tamen
956 1158 1152 1212 nactus
1188 1150 1404 1232 equites
1447 1149 1671 1213 circiter
1704 1152 1937 1233 triginta
1951 1155 1998 1190 ‘¹¹
2026 1173 2167 1235 quos

319 1228 614 1293 Commius
634 1228 891 1304 Atrebas»,
907 1228 977 1291 de
995 1250 1107 1320 quo
1129 1237 1258 1291 ante
1280 1230 1494 1291 dictum
1520 1239 1627 1307 est,
1657 1251 1851 1292 secum
1872 1240 2168 1314 transpor-

318 1318 553 1384 taverat,
589 1308 835 1389 legiones
864 1307 926 1369 in
943 1328 1064 1370 acie
1098 1329 1201 1389 pro
1227 1308 1426 1371 castris
1440 1311 1488 1347 ⁷³
1521 1309 1826 1371 constituit.
1852 1311 2167 1374 Commisso

323 1388 513 1469 proelio
531 1433 552 1463 ,
582 1386 795 1448 diutius
837 1395 1163 1449 nostrorum
1197 1388 1452 1449 militum
1481 1388 1763 1470 impetum
1792 1391 1978 1452 hostes
2020 1392 2168 1452 serre

322 1488 436 1528 non
456 1474 786 1546 potuerunt,
808 1487 873 1528 ac
894 1474 1052 1558 terga
1070 1476 1363 1529 verterunt
1388 1486 1404 1530 ε
1432 1489 1571 1549 quos
1590 1476 1742 1531 tanto
1766 1468 1944 1550 spatio
1966 1472 2166 1547 secuti,

319 1554 598 1637 quantum
630 1565 802 1607 cursu
827 1554 884 1608 et
901 1545 1117 1607 viribus
1141 1547 1363 1608 efficere
1392 1556 1721 1628 potuerunt,
1759 1551 2077 1630 complures
2099 1571 2166 1611 ex

320 1626 388 1686 i1s
438 1624 801 1702 occiderunt3
863 1624 1066 1688 deinde
1106 1625 1372 1688 omnihus
1428 1629 1590 1708 longe
1659 1629 1878 1709 lateque
1917 1628 2168 1691 aedificiis

317 1713 573 1773 incensis
616 1725 754 1766 sem
776 1712 960 1766 castra
978 1713 1332 1787 receperunt.

403 1786 620 1846 Eodem
655 1784 745 1846 die
772 1783 939 1865 legati
970 1785 1043 1846 ab
1076 1784 1334 1846 hostibus
1354 1784 1511 1846 missi
1540 1785 1610 1847 ad
1632 1787 1911 1848 Caesarem
1937 1788 2009 1849 de*
2029 1808 2166 1869 pace

319 1871 614 1926 venerunt.
641 1863 745 1925 His
767 1864 950 1925 Caesar
968 1885 1279 1926 numerum
1298 1863 1584 1942 obsidum,
1608 1885 1779 1946 quem
1800 1874 1964 1928 antea
1978 1865 2168 1947 impe-

318 1952 564 2019 raverat,
599 1942 905 2023 duplicavit
921 1958 941 2021 3
979 1965 1185 2026 eosque
1210 1944 1272 2005 in
1303 1945 1683 2007 continentem
1722 1945 1923 2007 adduci
1954 1946 2167 2028 jussit3

322 2022 472 2103 quod
511 2022 830 2103 propinqua
860 2022 952 2084 die
996 2043 1042 2084 ω
1085 2024 1406 2101 uinoctiiu,
1447 2023 1690 2085 infirmis
1722 2025 1962 2086 navibus
1989 2025 2163 2086 hiemi

320 2101 737 2181 navigationem
760 2101 1036 2181 subjicien
1077 2123 1171 2164 am
1200 2125 1315 2164 non
1349 2102 1724 2165 existimabat.
1751 2106 1879 2185 lpse
1905 2103 2165 2166 idoneam

321 2186 713 2269 tempestatem
765 2188 964 2241 nactus
985 2225 1007 2256 ,
1060 2183 1227 2262 paulo
1271 2192 1397 2263 post
1438 2184 1686 2245 mediam
1726 2191 1950 2245 noctem
1999 2204 2166 2246 naves

322 2260 519 2322 solwt:
547 2278 674 2340 quoe
701 2277 897 2319 omnes
910 2257 1223 2322 incolumes
1253 2261 1326 2323 ad
1354 2262 1737 2324 continentem
1763 2271 2162 2343 pervenerunt.

322 2341 407 2398 Ex
429 2337 519 2401 his
546 2337 817 2400 onerariae
835 2337 963 2400 duoe
987 2340 1237 2417 eosdem,
1303 2363 1404 2402 uos
1428 2342 1683 2423 reliquae,
1705 2349 1898 2423 portus
1918 2344 2171 2423 caperc⁷⁸

323 2432 447 2479 non‘
474 2425 781 2498 potuerunt
794 2461 817 2494 ‚
855 2416 952 2479 sed
998 2422 1165 2500 paulo
1204 2420 1264 2480 in
1291 2442 1354 2482 ra
1396 2421 1593 2483 delatae
1635 2430 1785 2482 sunt.
1852 2421 1957 2482 llis
1996 2421 2166 2483 rebus

359 2497 489 2559 estis
531 2519 599 2560 ex
633 2495 835 2559 litteris
874 2498 1109 2560 Caesaris
1142 2499 1368 2561 dierum
1414 2521 1490 2562 xx
1529 2500 1861 2582 supplicatio
1890 2522 1925 2562 a
1969 2509 2164 2563 senatu

321 2520 544 2640 {cereta
556 2580 715 2640 essm.
736 2577 905 2657 (Cas.
926 2599 997 2639 na
1014 2580 1182 2639 Bam..
1205 2580 1403 2657 Gau„
1423 2602 1501 2656 ιν,
1523 2601 1647 2661 cap.
1670 2582 1918 2661 23-38.)

377 2732 420 2768 ⁶0
454 2734 540 2781 Qui
559 2737 689 2779 erant
710 2734 761 2777 in
779 2735 903 2792 aqrie
936 2733 1101 2791 relique
1129 2740 1213 2779 etc.
1272 2749 1328 2779 en
1365 2735 1603 2790 Bretagne,
1641 2741 1688 2779 et
1721 2747 1806 2790 que
1847 2736 1913 2780 les
1980 2738 2163 2790 uelques

325 2786 410 2829 Les
430 2786 619 2829 Bretons
639 2788 751 2830 dont
777 2789 811 2830 il
845 2801 874 2831 a
908 2785 980 2831 ete
1011 2792 1215 2851 question
1271 2790 1483 2832 cavaliers
1515 2790 1802 2852 qui‘avaien't
1830 2802 1891 2843 pu
1922 2790 1951 2832 d
1979 2791 2165 2843 bai-quer

323 2839 426 2900 plus·
436 2839 543 2881 haut
560 2851 573 2878 ι
597 2853 620 2877 ι
637 2851 769 2893 quum
784 2852 900 2895 pars
922 2839 1150 2885 hommum
1165 2854 1216 2883 m
1271 2844 1383 2885 dans
1406 2841 1494 2884 l'ile
1518 2848 1696 2905 avaient
1719 2840 1793 2886 ete
1821 2842 1993 2896 obliges
2015 2843 2071 2886 de
2093 2854 2167 2887 re-

323 2894 1054 3010 “fffffssmessiitfeezt-a-agre
1071 2959 1214 2989 seces·
1272 2896 1496 2992 ἕᾶἕέῗτέἓ
1517 2900 1764 2996 ῖῗιὲῗὲεῗηέ.
1776 2949 1940 2993 devant
1969 2949 2015 2991 la
2043 2948 2166 3001 ligne

322 2995 734 3092 affigi-segma&
753 3010 776 3035 ι
795 3008 843 3041 se
861 2998 1108 3052 somn-ent
1129 3011 1215 3042 aux
1272 3001 1671 3096 dtgbcafflpssmcm
1714 3053 1753 3096 ΙΙ
1781 3053 1844 3097 s'a
1876 3055 1911 3096 ‘t
1937 3054 1994 3096 de
2011 3051 2165 3107 l'equi·

374 3099 421 3136 ⁰11
452 3100 743 3145 Continuus...
760 3099 869 3155 dies,
883 3105 1214 3147 sous-entendu
1269 3116 1383 3148 noxe
1401 3066 1767 3161 d‘aiitomne‚’qui
1787 3067 1938 3150 tegilbe
1966 3118 2024 3150 au.
2048 3107 2163 3149 mois

321 3167 422 3243 pei-5
454 3206 669 3265 Triginta
683 3207 869 3265 equites.
882 3205 945 3253 Ge
958 3209 1073 3262 petit
1090 3221 1217 3253 nom-
1269 3158 1717 3268 ἀΘΊῗθῐέἒχῖξέῗῷοω·
1735 3210 1978 3268 appellere.
2084 3183 2088 3186 Α

322 3263 403 3306 bre
435 3265 542 3317 peut
577 3262 856 3316 sui-prendre,
892 3263 1006 3304 mais
1038 3261 1145 3305 c'est
1186 3262 1215 3306 ὸ,
1319 3261 1367 3298 '1⁶
1393 3264 1674 3325 supplicatio
1700 3265 1878 3309 decreta
1902 3268 1980 3309 eet.
2005 3264 2163 3318 Quand

261 3318 274 3325 “
323 3320 412 3359 tort
458 3315 558 3359 u'on
585 3327 614 3358 a
633 3315 761 3358 voulu
782 3315 1020 3369 substituer
1044 3315 1088 3357 le
1106 3316 1216 3358 chif-
1265 3328 1327 3358 un
1354 3316 1533 3370 general
1562 3321 1678 3363 avait
1711 3317 1933 3373 remporte
1968 3330 2055 3361 une
2075 3318 2167 3360 vic·

324 3371 388 3413 fre
503 3381 560 3412 au
578 3368 729 3412 chime
753 3368 819 3410 30.
841 3367 913 3413 Οὐ,
930 3373 978 3411 et
993 3374 1215 3412 comment
1265 3369 1378 3412 toire
1414 3370 1629 3425 signalee,
1674 3374 1717 3416 le
1759 3371 1889 3415 senat
1926 3370 2167 3415 ordonnait

325 3420 461 3466 cesar
490 3421 683 3464 aurun-il
716 3433 777 3476 pu
812 3432 863 3464 se
896 3432 1102 3476 procurer
1139 3435 1214 3466 ces
1264 3423 1395 3476 qu’on
1428 3423 1577 3466 rendit
1606 3437 1691 3469 aux
1717 3427 1849 3469 dieux
1876 3426 1956 3468 des
1985 3425 2158 3467 actions

324 3475 403 3517 300
424 3471 648 3518 chevaux?
669 3472 740 3518 On
769 3485 817 3517 se
834 3475 1030 3528 rappeue
1054 3486 1138 3528 que
1166 3476 1214 3518 la
1266 3477 1324 3518 de
1339 3477 1490 3529 greces
1505 3478 1616 3521 dans
1630 3484 1730 3521 tous
1745 3478 1813 3521 les
1829 3483 1917 3521 tem
1947 3478 2029 3528 les.
2048 3475 2166 3518 C'est

325 3528 540 3573 cavalerie
558 3528 616 3571 de
630 3524 763 3572 Cesar
776 3528 938 3574 n'avait
950 3539 1012 3582 pu
1024 3528 1215 3571 aboi-der
1264 3539 1317 3571 ce
1336 3527 1466 3582 qu'on
1486 3533 1680 3584 appelait
1703 3531 1907 3587 supplica
1929 3531 1972 3573 io
1987 3540 2047 3573 ou
2060 3539 2166 3584 cup·
