<?xml version="1.0" encoding="UTF-8"?>
<!DOCTYPE html PUBLIC "-//W3C//DTD XHTML 1.0 Transitional//EN"
    "http://www.w3.org/TR/xhtml1/DTD/xhtml1-transitional.dtd">
<html xmlns="http://www.w3.org/1999/xhtml" xml:lang="en" lang="en">
 <head>
  <title>
</title>
<meta http-equiv="Content-Type" content="text/html;charset=utf-8" />
  <meta name='ocr-system' content='tesseract 3.04.00' />
  <meta name='ocr-capabilities' content='ocr_page ocr_carea ocr_par ocr_line ocrx_word'/>
</head>
<body>
  <div class='ocr_page' id='page_1' title='image "./narrationeslati00guiagoog/narrationeslati00guiagoog_0045.png"; bbox 0 0 2525 3984; ppageno 0'>
   <div class='ocr_carea' id='block_1_1' title="bbox 949 172 2139 236">
    <p class='ocr_par' dir='ltr' id='par_1_1' title="bbox 949 172 2139 236">
     <span class='ocr_line' id='line_1_1' title="bbox 949 172 2139 236; baseline 0.003 -4"><span class='ocrx_word' id='word_1_1' title='bbox 949 172 1493 233; x_wconf 80' lang='lat' dir='ltr'><strong>NARRATIONES.</strong></span> <span class='ocrx_word' id='word_1_2' title='bbox 2062 180 2139 236; x_wconf 78' lang='lat'><strong>27</strong></span> 
     </span>
    </p>
   </div>
   <div class='ocr_carea' id='block_1_2' title="bbox 252 301 2147 2512">
    <p class='ocr_par' dir='ltr' id='par_1_2' title="bbox 303 301 2142 1231">
     <span class='ocr_line' id='line_1_2' title="bbox 315 301 2138 379; baseline -0.002 -17"><span class='ocrx_word' id='word_1_3' title='bbox 315 304 683 365; x_wconf 81' lang='lat' dir='ltr'><strong>verecumdia:</strong></span> <span class='ocrx_word' id='word_1_4' title='bbox 702 310 922 364; x_wconf 87' lang='lat' dir='ltr'><strong>servata</strong></span> <span class='ocrx_word' id='word_1_5' title='bbox 949 302 1051 362; x_wconf 87' lang='lat' dir='ltr'><strong>tibi</strong></span> <span class='ocrx_word' id='word_1_6' title='bbox 1087 312 1193 379; x_wconf 88' lang='lat' dir='ltr'><strong>est,</strong></span> <span class='ocrx_word' id='word_1_7' title='bbox 1231 310 1295 363; x_wconf 91' lang='lat' dir='ltr'><strong>ut</strong></span> <span class='ocrx_word' id='word_1_8' title='bbox 1328 301 1662 363; x_wconf 81' lang='lat' dir='ltr'><strong>inviolatum</strong></span> <span class='ocrx_word' id='word_1_9' title='bbox 1695 308 1749 361; x_wconf 91' lang='lat' dir='ltr'><strong>et</strong></span> <span class='ocrx_word' id='word_1_10' title='bbox 1772 304 2016 376; x_wconf 87' lang='lat' dir='ltr'><strong>dignum</strong></span> <span class='ocrx_word' id='word_1_11' title='bbox 2044 318 2138 359; x_wconf 87' lang='lat' dir='ltr'><strong>me</strong></span> 
     </span>
     <span class='ocr_line' id='line_1_3' title="bbox 309 380 2136 464; baseline -0.001 -23"><span class='ocrx_word' id='word_1_12' title='bbox 309 389 476 462; x_wconf 84' lang='lat' dir='ltr'><strong>teque</strong></span> <span class='ocrx_word' id='word_1_13' title='bbox 494 380 613 442; x_wconf 90' lang='lat' dir='ltr'><strong>dari</strong></span> <span class='ocrx_word' id='word_1_14' title='bbox 639 381 736 441; x_wconf 88' lang='lat' dir='ltr'><strong>tibi</strong></span> <span class='ocrx_word' id='word_1_15' title='bbox 759 380 973 448; x_wconf 84' lang='lat' dir='ltr'><strong>donum</strong></span> <span class='ocrx_word' id='word_1_16' title='bbox 993 389 1196 464; x_wconf 90' lang='lat' dir='ltr'><strong>posset.</strong></span> <span class='ocrx_word' id='word_1_17' title='bbox 1221 384 1382 442; x_wconf 87' lang='lat' dir='ltr'><strong>Hanc</strong></span> <span class='ocrx_word' id='word_1_18' title='bbox 1401 380 1720 442; x_wconf 83' lang='lat' dir='ltr'><strong>mercedem</strong></span> <span class='ocrx_word' id='word_1_19' title='bbox 1740 399 1914 440; x_wconf 88' lang='lat' dir='ltr'><strong>unam</strong></span> <span class='ocrx_word' id='word_1_20' title='bbox 1945 399 2048 456; x_wconf 80' lang='lat' dir='ltr'><strong>pro</strong></span> <span class='ocrx_word' id='word_1_21' title='bbox 2071 399 2136 440; x_wconf 87' lang='lat' dir='ltr'><strong>eo</strong></span> 
     </span>
     <span class='ocr_line' id='line_1_4' title="bbox 311 459 2139 542; baseline -0.001 -22"><span class='ocrx_word' id='word_1_22' title='bbox 311 479 545 521; x_wconf 86' lang='lat' dir='ltr'><strong>munere</strong></span> <span class='ocrx_word' id='word_1_23' title='bbox 585 459 833 542; x_wconf 86' lang='lat' dir='ltr'><strong>paciscor</strong></span> <span class='ocrx_word' id='word_1_24' title='bbox 848 477 868 537; x_wconf 83' lang='lat'><em>3</em></span> <span class='ocrx_word' id='word_1_25' title='bbox 917 461 1135 522; x_wconf 87' lang='lat' dir='ltr'><strong>amicus</strong></span> <span class='ocrx_word' id='word_1_26' title='bbox 1173 462 1381 542; x_wconf 89' lang='lat' dir='ltr'><strong>populo</strong></span> <span class='ocrx_word' id='word_1_27' title='bbox 1421 480 1655 521; x_wconf 85' lang='lat' dir='ltr'><strong>romano</strong></span> <span class='ocrx_word' id='word_1_28' title='bbox 1697 459 1773 529; x_wconf 77' lang='lat' dir='ltr'><strong>sis</strong></span> <span class='ocrx_word' id='word_1_29' title='bbox 1815 475 1832 518; x_wconf 72' lang='grc' dir='ltr'><strong><em>ε</em></strong></span> <span class='ocrx_word' id='word_1_30' title='bbox 1875 463 1927 518; x_wconf 68' lang='lat' dir='ltr'><strong>et</strong></span> <span class='ocrx_word' id='word_1_31' title='bbox 1967 478 2012 518; x_wconf 75' lang='lat' dir='ltr'><strong>si</strong></span> <span class='ocrx_word' id='word_1_32' title='bbox 2047 476 2139 518; x_wconf 89' lang='lat' dir='ltr'><strong>me</strong></span> 
     </span>
     <span class='ocr_line' id='line_1_5' title="bbox 310 538 2139 621; baseline 0.001 -27"><span class='ocrx_word' id='word_1_33' title='bbox 310 538 496 599; x_wconf 82' lang='lat' dir='ltr'><strong>virum</strong></span> <span class='ocrx_word' id='word_1_34' title='bbox 515 539 731 601; x_wconf 90' lang='lat' dir='ltr'><strong>bonum</strong></span> <span class='ocrx_word' id='word_1_35' title='bbox 750 538 930 601; x_wconf 90' lang='lat' dir='ltr'><strong>credis</strong></span> <span class='ocrx_word' id='word_1_36' title='bbox 949 560 1090 617; x_wconf 87' lang='lat' dir='ltr'><strong>esse,</strong></span> <span class='ocrx_word' id='word_1_37' title='bbox 1111 542 1305 621; x_wconf 84' lang='lat' dir='ltr'><strong>quales</strong></span> <span class='ocrx_word' id='word_1_38' title='bbox 1316 548 1535 620; x_wconf 87' lang='lat' dir='ltr'><strong>patrem</strong></span> <span class='ocrx_word' id='word_1_39' title='bbox 1547 548 1923 620; x_wconf 80' lang='lat' dir='ltr'>patruumque</span> <span class='ocrx_word' id='word_1_40' title='bbox 1946 556 2139 596; x_wconf 91' lang='lat' dir='ltr'><strong>meum</strong></span> 
     </span>
     <span class='ocr_line' id='line_1_6' title="bbox 303 615 2138 699; baseline -0.002 -22"><span class='ocrx_word' id='word_1_41' title='bbox 303 618 424 697; x_wconf 87' lang='lat' dir='ltr'><strong>jam</strong></span> <span class='ocrx_word' id='word_1_42' title='bbox 445 627 574 680; x_wconf 87' lang='lat' dir='ltr'><strong>ante</strong></span> <span class='ocrx_word' id='word_1_43' title='bbox 599 616 687 679; x_wconf 75' lang='lat' dir='ltr'><strong>11ae</strong></span> <span class='ocrx_word' id='word_1_44' title='bbox 714 628 905 699; x_wconf 81' lang='lat' dir='ltr'><strong>gentes</strong></span> <span class='ocrx_word' id='word_1_45' title='bbox 936 627 1165 694; x_wconf 87' lang='lat' dir='ltr'><strong>norant,</strong></span> <span class='ocrx_word' id='word_1_46' title='bbox 1201 618 1342 680; x_wconf 82' lang='lat' dir='ltr'><strong>scias</strong></span> <span class='ocrx_word' id='word_1_47' title='bbox 1382 620 1590 679; x_wconf 91' lang='lat' dir='ltr'><strong>multos</strong></span> <span class='ocrx_word' id='word_1_48' title='bbox 1617 616 1792 678; x_wconf 84' lang='lat' dir='ltr'><strong>nostri</strong></span> <span class='ocrx_word' id='word_1_49' title='bbox 1833 616 2045 677; x_wconf 82' lang='lat' dir='ltr'><strong>similes</strong></span> <span class='ocrx_word' id='word_1_50' title='bbox 2078 615 2138 674; x_wconf 90' lang='lat' dir='ltr'><strong>in</strong></span> 
     </span>
     <span class='ocr_line' id='line_1_7' title="bbox 308 693 2138 777; baseline -0.001 -23"><span class='ocrx_word' id='word_1_51' title='bbox 308 696 530 758; x_wconf 87' lang='lat' dir='ltr'><strong>civitate</strong></span> <span class='ocrx_word' id='word_1_52' title='bbox 562 718 798 759; x_wconf 81' lang='lat' dir='ltr'><strong>romana</strong></span> <span class='ocrx_word' id='word_1_53' title='bbox 816 719 932 760; x_wconf 88' lang='lat' dir='ltr'><strong>esse</strong></span> <span class='ocrx_word' id='word_1_54' title='bbox 964 717 980 759; x_wconf 74' lang='lat' dir='ltr'><strong>t</strong></span> <span class='ocrx_word' id='word_1_55' title='bbox 1025 718 1129 760; x_wconf 91' lang='lat' dir='ltr'><strong>nec</strong></span> <span class='ocrx_word' id='word_1_56' title='bbox 1162 699 1348 759; x_wconf 88' lang='lat' dir='ltr'><strong>ullum</strong></span> <span class='ocrx_word' id='word_1_57' title='bbox 1381 698 1441 758; x_wconf 89' lang='lat' dir='ltr'><strong>in</strong></span> <span class='ocrx_word' id='word_1_58' title='bbox 1475 697 1639 757; x_wconf 86' lang='lat' dir='ltr'><strong>terris</strong></span> <span class='ocrx_word' id='word_1_59' title='bbox 1672 696 1944 777; x_wconf 90' lang='lat' dir='ltr'><strong>populum</strong></span> <span class='ocrx_word' id='word_1_60' title='bbox 1971 693 2138 754; x_wconf 88' lang='lat' dir='ltr'><strong>hodie</strong></span> 
     </span>
     <span class='ocr_line' id='line_1_8' title="bbox 307 774 2138 857; baseline -0.001 -23"><span class='ocrx_word' id='word_1_61' title='bbox 307 775 418 836; x_wconf 88' lang='lat' dir='ltr'><strong>dici</strong></span> <span class='ocrx_word' id='word_1_62' title='bbox 446 797 630 856; x_wconf 88' lang='lat' dir='ltr'><strong>posse,</strong></span> <span class='ocrx_word' id='word_1_63' title='bbox 690 797 824 838; x_wconf 88' lang='lat' dir='ltr'><strong>uem</strong></span> <span class='ocrx_word' id='word_1_64' title='bbox 856 778 1048 838; x_wconf 87' lang='lat' dir='ltr'><strong>minus</strong></span> <span class='ocrx_word' id='word_1_65' title='bbox 1070 777 1170 839; x_wconf 90' lang='lat' dir='ltr'><strong>tibi</strong></span> <span class='ocrx_word' id='word_1_66' title='bbox 1193 778 1415 838; x_wconf 77' lang='lat' dir='ltr'><strong>hostem</strong></span> <span class='ocrx_word' id='word_1_67' title='bbox 1451 777 1671 857; x_wconf 86' lang='lat' dir='ltr'><strong>tuisque</strong></span> <span class='ocrx_word' id='word_1_68' title='bbox 1698 795 1816 836; x_wconf 88' lang='lat' dir='ltr'><strong>esse</strong></span> <span class='ocrx_word' id='word_1_69' title='bbox 1847 774 2007 848; x_wconf 81' lang='lat' dir='ltr'><strong>velis,</strong></span> <span class='ocrx_word' id='word_1_70' title='bbox 2041 781 2138 834; x_wconf 85' lang='lat' dir='ltr'><strong>aut</strong></span> 
     </span>
     <span class='ocr_line' id='line_1_9' title="bbox 306 798 2142 936; baseline -0.001 -23"><span class='ocrx_word' id='word_1_71' title='bbox 306 854 558 916; x_wconf 86' lang='lat' dir='ltr'><strong>amicum</strong></span> <span class='ocrx_word' id='word_1_72' title='bbox 578 798 766 916; x_wconf 59' lang='lat' dir='ltr'><strong>malis·</strong></span> <span class='ocrx_word' id='word_1_73' title='bbox 789 879 820 915; x_wconf 71' lang='lat'><strong>2&gt;</strong></span> <span class='ocrx_word' id='word_1_74' title='bbox 848 856 1204 932; x_wconf 80' lang='lat' dir='ltr'><strong>AdolescenS,</strong></span> <span class='ocrx_word' id='word_1_75' title='bbox 1226 855 1405 925; x_wconf 54' lang='lat' dir='ltr'><strong>simul,</strong></span> <span class='ocrx_word' id='word_1_76' title='bbox 1419 854 1632 936; x_wconf 88' lang='lat' dir='ltr'><strong>pudore</strong></span> <span class='ocrx_word' id='word_1_77' title='bbox 1654 862 1709 915; x_wconf 89' lang='lat' dir='ltr'><strong>ct</strong></span> <span class='ocrx_word' id='word_1_78' title='bbox 1729 853 1931 934; x_wconf 87' lang='lat' dir='ltr'><strong>gaudio</strong></span> <span class='ocrx_word' id='word_1_79' title='bbox 1992 852 2142 912; x_wconf 77' lang='lat' dir='ltr'><strong>erfu—</strong></span> 
     </span>
     <span class='ocr_line' id='line_1_10' title="bbox 307 933 2141 1016; baseline 0 -24"><span class='ocrx_word' id='word_1_80' title='bbox 307 954 401 993; x_wconf 86' lang='lat' dir='ltr'><strong>sus</strong></span> <span class='ocrx_word' id='word_1_81' title='bbox 407 979 426 1008; x_wconf 92' lang='lat'><strong>,</strong></span> <span class='ocrx_word' id='word_1_82' title='bbox 448 933 702 996; x_wconf 78' lang='lat' dir='ltr'><strong>dextram</strong></span> <span class='ocrx_word' id='word_1_83' title='bbox 724 935 1001 1016; x_wconf 86' lang='lat' dir='ltr'><strong>Scipionis</strong></span> <span class='ocrx_word' id='word_1_84' title='bbox 1022 943 1239 1012; x_wconf 83' lang='lat' dir='ltr'><strong>tenens,</strong></span> <span class='ocrx_word' id='word_1_85' title='bbox 1259 935 1392 996; x_wconf 88' lang='lat' dir='ltr'><strong>deos</strong></span> <span class='ocrx_word' id='word_1_86' title='bbox 1420 954 1615 997; x_wconf 89' lang='lat' dir='ltr'><strong>omnes</strong></span> <span class='ocrx_word' id='word_1_87' title='bbox 1634 934 1892 994; x_wconf 78' lang='lat' dir='ltr'><strong>invocare</strong></span> <span class='ocrx_word' id='word_1_88' title='bbox 1912 953 1945 992; x_wconf 88' lang='lat' dir='ltr'><strong>a</strong></span> <span class='ocrx_word' id='word_1_89' title='bbox 2004 951 2141 1011; x_wconf 87' lang='lat' dir='ltr'><strong>gra-</strong></span> 
     </span>
     <span class='ocr_line' id='line_1_11' title="bbox 307 1010 2139 1095; baseline -0.001 -26"><span class='ocrx_word' id='word_1_90' title='bbox 307 1011 449 1071; x_wconf 85' lang='lat' dir='ltr'><strong>tiam</strong></span> <span class='ocrx_word' id='word_1_91' title='bbox 470 1012 550 1072; x_wconf 92' lang='lat' dir='ltr'><strong>illi</strong></span> <span class='ocrx_word' id='word_1_92' title='bbox 573 1034 674 1093; x_wconf 91' lang='lat' dir='ltr'><strong>pro</strong></span> <span class='ocrx_word' id='word_1_93' title='bbox 698 1034 755 1074; x_wconf 91' lang='lat' dir='ltr'><strong>se</strong></span> <span class='ocrx_word' id='word_1_94' title='bbox 776 1014 1165 1092; x_wconf 81' lang='lat' dir='ltr'><strong>referendam3</strong></span> <span class='ocrx_word' id='word_1_95' title='bbox 1201 1014 1471 1095; x_wconf 87' lang='lat' dir='ltr'><strong>quoniam</strong></span> <span class='ocrx_word' id='word_1_96' title='bbox 1494 1013 1601 1073; x_wconf 91' lang='lat' dir='ltr'><strong>sibi</strong></span> <span class='ocrx_word' id='word_1_97' title='bbox 1629 1030 1986 1094; x_wconf 79' lang='lat' dir='ltr'>nequaquam</span> <span class='ocrx_word' id='word_1_98' title='bbox 2007 1010 2139 1070; x_wconf 85' lang='lat' dir='ltr'><strong>satis</strong></span> 
     </span>
     <span class='ocr_line' id='line_1_12' title="bbox 306 1089 2139 1174; baseline -0.001 -25"><span class='ocrx_word' id='word_1_99' title='bbox 306 1091 585 1153; x_wconf 79' lang='lat' dir='ltr'><strong>facultatis</strong></span> <span class='ocrx_word' id='word_1_100' title='bbox 601 1136 624 1168; x_wconf 90' lang='lat'><strong>,</strong></span> <span class='ocrx_word' id='word_1_101' title='bbox 677 1113 781 1173; x_wconf 90' lang='lat' dir='ltr'><strong>pro</strong></span> <span class='ocrx_word' id='word_1_102' title='bbox 815 1114 916 1154; x_wconf 91' lang='lat' dir='ltr'><strong>suo</strong></span> <span class='ocrx_word' id='word_1_103' title='bbox 956 1093 1149 1155; x_wconf 88' lang='lat' dir='ltr'><strong>animo</strong></span> <span class='ocrx_word' id='word_1_104' title='bbox 1174 1096 1218 1131; x_wconf 83' lang='lat'><strong>¹⁰</strong></span> <span class='ocrx_word' id='word_1_105' title='bbox 1257 1100 1425 1174; x_wconf 89' lang='lat' dir='ltr'><strong>atque</strong></span> <span class='ocrx_word' id='word_1_106' title='bbox 1459 1092 1610 1153; x_wconf 87' lang='lat' dir='ltr'><strong>illius</strong></span> <span class='ocrx_word' id='word_1_107' title='bbox 1650 1112 1784 1171; x_wconf 86' lang='lat' dir='ltr'><strong>erga</strong></span> <span class='ocrx_word' id='word_1_108' title='bbox 1815 1110 1874 1151; x_wconf 91' lang='lat' dir='ltr'><strong>se</strong></span> <span class='ocrx_word' id='word_1_109' title='bbox 1910 1089 2139 1163; x_wconf 89' lang='lat' dir='ltr'><strong>merito,</strong></span> 
     </span>
     <span class='ocr_line' id='line_1_13' title="bbox 304 1178 990 1231; baseline 0.004 -3"><span class='ocrx_word' id='word_1_110' title='bbox 304 1178 467 1231; x_wconf 88' lang='lat' dir='ltr'><strong>esset.</strong></span> <span class='ocrx_word' id='word_1_111' title='bbox 985 1204 990 1210; x_wconf 90' lang='lat'>·</span> 
     </span>
    </p>

    <p class='ocr_par' dir='ltr' id='par_1_3' title="bbox 252 1248 2147 2512">
     <span class='ocr_line' id='line_1_14' title="bbox 385 1248 2141 1342; baseline 0.002 -35"><span class='ocrx_word' id='word_1_112' title='bbox 385 1251 647 1311; x_wconf 88' lang='lat' dir='ltr'><strong>Parentes</strong></span> <span class='ocrx_word' id='word_1_113' title='bbox 669 1249 798 1312; x_wconf 88' lang='lat' dir='ltr'><strong>inde</strong></span> <span class='ocrx_word' id='word_1_114' title='bbox 818 1252 1151 1342; x_wconf 84' lang='lat' dir='ltr'><strong>cognatique</strong></span> <span class='ocrx_word' id='word_1_115' title='bbox 1170 1250 1407 1332; x_wconf 85' lang='lat' dir='ltr'><strong>virginis</strong></span> <span class='ocrx_word' id='word_1_116' title='bbox 1427 1249 1710 1333; x_wconf 84' lang='lat' dir='ltr'><strong>appellati.</strong></span> <span class='ocrx_word' id='word_1_117' title='bbox 1736 1249 1847 1323; x_wconf 89' lang='lat' dir='ltr'><strong>Qui</strong></span> <span class='ocrx_word' id='word_1_118' title='bbox 1870 1248 2141 1330; x_wconf 86' lang='lat' dir='ltr'><strong>quoniam</strong></span> 
     </span>
     <span class='ocr_line' id='line_1_15' title="bbox 306 1327 2142 1413; baseline 0.001 -26"><span class='ocrx_word' id='word_1_119' title='bbox 306 1328 477 1408; x_wconf 88' lang='lat' dir='ltr'><strong>gratis</strong></span> <span class='ocrx_word' id='word_1_120' title='bbox 518 1327 624 1390; x_wconf 87' lang='lat' dir='ltr'><strong>sibi</strong></span> <span class='ocrx_word' id='word_1_121' title='bbox 666 1330 992 1392; x_wconf 84' lang='lat' dir='ltr'><strong>redderetur</strong></span> <span class='ocrx_word' id='word_1_122' title='bbox 1021 1352 1200 1413; x_wconf 81' lang='lat' dir='ltr'><strong>virgo,</strong></span> <span class='ocrx_word' id='word_1_123' title='bbox 1243 1330 1315 1391; x_wconf 84' lang='lat' dir='ltr'><strong>ad</strong></span> <span class='ocrx_word' id='word_1_124' title='bbox 1355 1350 1531 1412; x_wconf 85' lang='lat' dir='ltr'><strong>quam</strong></span> <span class='ocrx_word' id='word_1_125' title='bbox 1571 1328 1961 1391; x_wconf 89' lang='lat' dir='ltr'><strong>redimendam</strong></span> <span class='ocrx_word' id='word_1_126' title='bbox 2009 1329 2142 1391; x_wconf 89' lang='lat' dir='ltr'><strong>satis</strong></span> 
     </span>
     <span class='ocr_line' id='line_1_16' title="bbox 305 1407 2140 1499; baseline 0.001 -32"><span class='ocrx_word' id='word_1_127' title='bbox 305 1424 399 1467; x_wconf 88' lang='lat' dir='ltr'><strong>ma</strong></span> <span class='ocrx_word' id='word_1_128' title='bbox 437 1428 579 1469; x_wconf 89' lang='lat' dir='ltr'><strong>num</strong></span> <span class='ocrx_word' id='word_1_129' title='bbox 599 1410 913 1491; x_wconf 80' lang='lat' dir='ltr'><strong>attulissent</strong></span> <span class='ocrx_word' id='word_1_130' title='bbox 932 1410 1056 1472; x_wconf 89' lang='lat' dir='ltr'><strong>auri</strong></span> <span class='ocrx_word' id='word_1_131' title='bbox 1079 1408 1325 1491; x_wconf 61' lang='lat' dir='ltr'><strong>pondus»,</strong></span> <span class='ocrx_word' id='word_1_132' title='bbox 1347 1429 1507 1471; x_wconf 88' lang='lat' dir='ltr'><strong>orare</strong></span> <span class='ocrx_word' id='word_1_133' title='bbox 1529 1408 1876 1499; x_wconf 80' lang='lat' dir='ltr'><strong>Scipionem,</strong></span> <span class='ocrx_word' id='word_1_134' title='bbox 1905 1415 1968 1468; x_wconf 89' lang='lat' dir='ltr'><strong>ut</strong></span> <span class='ocrx_word' id='word_1_135' title='bbox 1989 1407 2049 1469; x_wconf 91' lang='lat' dir='ltr'><strong>id</strong></span> <span class='ocrx_word' id='word_1_136' title='bbox 2069 1409 2140 1469; x_wconf 89' lang='lat' dir='ltr'><strong>ab</strong></span> 
     </span>
     <span class='ocr_line' id='line_1_17' title="bbox 305 1487 2138 1571; baseline 0.001 -26"><span class='ocrx_word' id='word_1_137' title='bbox 305 1505 365 1545; x_wconf 87' lang='lat' dir='ltr'><strong>se</strong></span> <span class='ocrx_word' id='word_1_138' title='bbox 427 1507 604 1548; x_wconf 91' lang='lat' dir='ltr'><strong>onum</strong></span> <span class='ocrx_word' id='word_1_139' title='bbox 645 1490 945 1570; x_wconf 86' lang='lat' dir='ltr'><strong>acciperet,</strong></span> <span class='ocrx_word' id='word_1_140' title='bbox 990 1497 1285 1571; x_wconf 86' lang='lat' dir='ltr'><strong>coeperunt</strong></span> <span class='ocrx_word' id='word_1_141' title='bbox 1300 1504 1321 1566; x_wconf 81' lang='lat'>3</span> <span class='ocrx_word' id='word_1_142' title='bbox 1362 1488 1516 1550; x_wconf 88' lang='lat' dir='ltr'><strong>haud</strong></span> <span class='ocrx_word' id='word_1_143' title='bbox 1571 1507 1853 1548; x_wconf 79' lang='lat' dir='ltr'><strong>minorem</strong></span> <span class='ocrx_word' id='word_1_144' title='bbox 1896 1487 2017 1566; x_wconf 81' lang='lat' dir='ltr'><strong>ejus</strong></span> <span class='ocrx_word' id='word_1_145' title='bbox 2059 1488 2138 1550; x_wconf 90' lang='lat' dir='ltr'><strong>rei</strong></span> 
     </span>
     <span class='ocr_line' id='line_1_18' title="bbox 304 1564 2143 1646; baseline 0.001 -22"><span class='ocrx_word' id='word_1_146' title='bbox 304 1564 454 1645; x_wconf 87' lang='lat' dir='ltr'><strong>apud</strong></span> <span class='ocrx_word' id='word_1_147' title='bbox 474 1585 533 1627; x_wconf 88' lang='lat' dir='ltr'><strong>se</strong></span> <span class='ocrx_word' id='word_1_148' title='bbox 567 1566 808 1646; x_wconf 82' lang='lat' dir='ltr'><strong>gratiam</strong></span> <span class='ocrx_word' id='word_1_149' title='bbox 842 1569 1095 1628; x_wconf 88' lang='lat' dir='ltr'><strong>futuram</strong></span> <span class='ocrx_word' id='word_1_150' title='bbox 1130 1587 1273 1641; x_wconf 89' lang='lat' dir='ltr'><strong>esse,</strong></span> <span class='ocrx_word' id='word_1_151' title='bbox 1307 1568 1653 1627; x_wconf 86' lang='lat' dir='ltr'><strong>affirmantes</strong></span> <span class='ocrx_word' id='word_1_152' title='bbox 1658 1610 1678 1640; x_wconf 91' lang='lat'><strong>,</strong></span> <span class='ocrx_word' id='word_1_153' title='bbox 1713 1585 1887 1646; x_wconf 88' lang='lat' dir='ltr'><strong>quam</strong></span> <span class='ocrx_word' id='word_1_154' title='bbox 1913 1564 2143 1626; x_wconf 84' lang='lat' dir='ltr'><strong>redditae</strong></span> 
     </span>
     <span class='ocr_line' id='line_1_19' title="bbox 305 1641 2144 1735; baseline 0.002 -34"><span class='ocrx_word' id='word_1_155' title='bbox 305 1641 584 1705; x_wconf 77' lang='lat' dir='ltr'><strong>inviolatae</strong></span> <span class='ocrx_word' id='word_1_156' title='bbox 604 1646 750 1704; x_wconf 88' lang='lat' dir='ltr'><strong>foret</strong></span> <span class='ocrx_word' id='word_1_157' title='bbox 774 1644 1030 1724; x_wconf 81' lang='lat' dir='ltr'><strong>virginis.</strong></span> <span class='ocrx_word' id='word_1_158' title='bbox 1055 1645 1270 1724; x_wconf 89' lang='lat' dir='ltr'><strong>Scipio,</strong></span> <span class='ocrx_word' id='word_1_159' title='bbox 1293 1644 1518 1726; x_wconf 89' lang='lat' dir='ltr'><strong>quando</strong></span> <span class='ocrx_word' id='word_1_160' title='bbox 1540 1652 1695 1704; x_wconf 90' lang='lat' dir='ltr'><strong>tanto</strong></span> <span class='ocrx_word' id='word_1_161' title='bbox 1732 1664 1898 1735; x_wconf 87' lang='lat' dir='ltr'><strong>opere</strong></span> <span class='ocrx_word' id='word_1_162' title='bbox 1915 1645 1957 1681; x_wconf 76' lang='lat'><strong>¹¹</strong></span> <span class='ocrx_word' id='word_1_163' title='bbox 1983 1654 2144 1724; x_wconf 89' lang='lat' dir='ltr'><strong>pete-</strong></span> 
     </span>
     <span class='ocr_line' id='line_1_20' title="bbox 304 1720 2147 1813; baseline 0.001 -32"><span class='ocrx_word' id='word_1_164' title='bbox 304 1730 455 1797; x_wconf 87' lang='lat' dir='ltr'><strong>rent,</strong></span> <span class='ocrx_word' id='word_1_165' title='bbox 483 1729 849 1802; x_wconf 87' lang='lat' dir='ltr'><strong>accepturum</strong></span> <span class='ocrx_word' id='word_1_166' title='bbox 870 1741 928 1783; x_wconf 90' lang='lat' dir='ltr'><strong>se</strong></span> <span class='ocrx_word' id='word_1_167' title='bbox 948 1720 1253 1803; x_wconf 87' lang='lat' dir='ltr'><strong>pollicitus,</strong></span> <span class='ocrx_word' id='word_1_168' title='bbox 1278 1721 1410 1804; x_wconf 90' lang='lat' dir='ltr'><strong>poni</strong></span> <span class='ocrx_word' id='word_1_169' title='bbox 1431 1730 1561 1785; x_wconf 89' lang='lat' dir='ltr'><strong>ante</strong></span> <span class='ocrx_word' id='word_1_170' title='bbox 1581 1722 1748 1813; x_wconf 84' lang='lat' dir='ltr'><strong>pedes</strong></span> <span class='ocrx_word' id='word_1_171' title='bbox 1762 1721 1952 1802; x_wconf 68' lang='lat' dir='ltr'><strong>jussit,</strong></span> <span class='ocrx_word' id='word_1_172' title='bbox 1974 1742 2147 1783; x_wconf 77' lang='lat' dir='ltr'><strong>voca-</strong></span> 
     </span>
     <span class='ocr_line' id='line_1_21' title="bbox 307 1799 2147 1893; baseline 0.001 -33"><span class='ocrx_word' id='word_1_173' title='bbox 307 1809 477 1882; x_wconf 91' lang='lat' dir='ltr'><strong>toque</strong></span> <span class='ocrx_word' id='word_1_174' title='bbox 500 1799 572 1862; x_wconf 88' lang='lat' dir='ltr'><strong>ad</strong></span> <span class='ocrx_word' id='word_1_175' title='bbox 593 1821 651 1862; x_wconf 91' lang='lat' dir='ltr'><strong>se</strong></span> <span class='ocrx_word' id='word_1_176' title='bbox 684 1800 928 1877; x_wconf 84' lang='lat' dir='ltr'><strong>Allucio,</strong></span> <span class='ocrx_word' id='word_1_177' title='bbox 959 1824 990 1860; x_wconf 75' lang='lat' dir='ltr'><strong>c(</strong></span> <span class='ocrx_word' id='word_1_178' title='bbox 1011 1803 1194 1881; x_wconf 89' lang='lat' dir='ltr'><strong>Super</strong></span> <span class='ocrx_word' id='word_1_179' title='bbox 1211 1801 1428 1877; x_wconf 90' lang='lat' dir='ltr'><strong>dotem,</strong></span> <span class='ocrx_word' id='word_1_180' title='bbox 1449 1801 1659 1893; x_wconf 78' lang='lat' dir='ltr'><strong>inquit,</strong></span> <span class='ocrx_word' id='word_1_181' title='bbox 1682 1821 1855 1883; x_wconf 82' lang='lat' dir='ltr'><strong>quam</strong></span> <span class='ocrx_word' id='word_1_182' title='bbox 1877 1809 2147 1882; x_wconf 86' lang='lat' dir='ltr'><strong>acceptu-</strong></span> 
     </span>
     <span class='ocr_line' id='line_1_22' title="bbox 305 1880 2136 1957; baseline 0.001 -19"><span class='ocrx_word' id='word_1_183' title='bbox 305 1900 404 1940; x_wconf 89' lang='lat' dir='ltr'><strong>rus</strong></span> <span class='ocrx_word' id='word_1_184' title='bbox 444 1900 480 1941; x_wconf 88' lang='lat' dir='ltr'><strong>a</strong></span> <span class='ocrx_word' id='word_1_185' title='bbox 511 1900 702 1941; x_wconf 89' lang='lat' dir='ltr'><strong>socero</strong></span> <span class='ocrx_word' id='word_1_186' title='bbox 745 1901 828 1957; x_wconf 74' lang='lat' dir='ltr'><strong>eS,</strong></span> <span class='ocrx_word' id='word_1_187' title='bbox 870 1881 990 1942; x_wconf 82' lang='lat' dir='ltr'><strong>haec</strong></span> <span class='ocrx_word' id='word_1_188' title='bbox 1035 1880 1135 1941; x_wconf 90' lang='lat' dir='ltr'><strong>tibi</strong></span> <span class='ocrx_word' id='word_1_189' title='bbox 1177 1902 1212 1943; x_wconf 90' lang='lat' dir='ltr'><strong>a</strong></span> <span class='ocrx_word' id='word_1_190' title='bbox 1245 1900 1339 1942; x_wconf 92' lang='lat' dir='ltr'><strong>me</strong></span> <span class='ocrx_word' id='word_1_191' title='bbox 1365 1880 1572 1942; x_wconf 81' lang='lat' dir='ltr'><strong>dotaha</strong></span> <span class='ocrx_word' id='word_1_192' title='bbox 1612 1881 1759 1941; x_wconf 88' lang='lat' dir='ltr'><strong>dona</strong></span> <span class='ocrx_word' id='word_1_193' title='bbox 1799 1880 2082 1957; x_wconf 84' lang='lat' dir='ltr'><strong>accedent,</strong></span> <span class='ocrx_word' id='word_1_194' title='bbox 2108 1904 2136 1939; x_wconf 72' lang='grc' dir='ltr'><strong>ι</strong></span> 
     </span>
     <span class='ocr_line' id='line_1_23' title="bbox 304 1959 2143 2040; baseline 0.001 -22"><span class='ocrx_word' id='word_1_195' title='bbox 304 1976 623 2040; x_wconf 85' lang='lat' dir='ltr'><strong>aurumque</strong></span> <span class='ocrx_word' id='word_1_196' title='bbox 663 1961 880 2035; x_wconf 85' lang='lat' dir='ltr'><strong>tollore,</strong></span> <span class='ocrx_word' id='word_1_197' title='bbox 923 1979 988 2021; x_wconf 88' lang='lat' dir='ltr'><strong>ac</strong></span> <span class='ocrx_word' id='word_1_198' title='bbox 1029 1959 1136 2021; x_wconf 84' lang='lat' dir='ltr'><strong>sibi</strong></span> <span class='ocrx_word' id='word_1_199' title='bbox 1171 1959 1381 2021; x_wconf 85' lang='lat' dir='ltr'><strong>habere</strong></span> <span class='ocrx_word' id='word_1_200' title='bbox 1423 1960 1602 2022; x_wconf 85' lang='lat' dir='ltr'><strong>’ussit.</strong></span> <span class='ocrx_word' id='word_1_201' title='bbox 1649 1959 1752 2020; x_wconf 88' lang='lat' dir='ltr'><strong>His</strong></span> <span class='ocrx_word' id='word_1_202' title='bbox 1786 1962 1945 2021; x_wconf 85' lang='lat' dir='ltr'><strong>laetus</strong></span> <span class='ocrx_word' id='word_1_203' title='bbox 1983 1959 2143 2021; x_wconf 89' lang='lat' dir='ltr'><strong>donis</strong></span> 
     </span>
     <span class='ocr_line' id='line_1_24' title="bbox 303 1983 2144 2128; baseline 0.002 -32"><span class='ocrx_word' id='word_1_204' title='bbox 303 2037 724 2128; x_wconf 81' lang='lat' dir='ltr'><strong>honoribusque</strong></span> <span class='ocrx_word' id='word_1_205' title='bbox 737 2038 1003 2100; x_wconf 89' lang='lat' dir='ltr'><strong>dimissus</strong></span> <span class='ocrx_word' id='word_1_206' title='bbox 1023 2039 1285 2115; x_wconf 89' lang='lat' dir='ltr'><strong>domum,</strong></span> <span class='ocrx_word' id='word_1_207' title='bbox 1301 1983 1555 2120; x_wconf 76' lang='lat' dir='ltr'><strong>implevit</strong></span> <span class='ocrx_word' id='word_1_208' title='bbox 1569 2040 1864 2121; x_wconf 85' lang='lat' dir='ltr'><strong>populares</strong></span> <span class='ocrx_word' id='word_1_209' title='bbox 1885 2038 2144 2100; x_wconf 77' lang='lat' dir='ltr'><strong>laudibus</strong></span> 
     </span>
     <span class='ocr_line' id='line_1_25' title="bbox 305 2116 2145 2200; baseline 0.002 -25"><span class='ocrx_word' id='word_1_210' title='bbox 305 2116 523 2177; x_wconf 88' lang='lat' dir='ltr'><strong>meritis</strong></span> <span class='ocrx_word' id='word_1_211' title='bbox 551 2117 831 2197; x_wconf 82' lang='lat' dir='ltr'><strong>Scipionis</strong></span> <span class='ocrx_word' id='word_1_212' title='bbox 869 2137 886 2181; x_wconf 76' lang='lat' dir='ltr'><strong><em>z</em></strong></span> <span class='ocrx_word' id='word_1_213' title='bbox 922 2117 1151 2180; x_wconf 86' lang='lat' dir='ltr'><strong>Venisse</strong></span> <span class='ocrx_word' id='word_1_214' title='bbox 1184 2118 1292 2179; x_wconf 88' lang='lat' dir='ltr'><strong>diis</strong></span> <span class='ocrx_word' id='word_1_215' title='bbox 1322 2118 1680 2180; x_wconf 90' lang='lat' dir='ltr'><strong>simillimum</strong></span> <span class='ocrx_word' id='word_1_216' title='bbox 1697 2119 1989 2200; x_wconf 82' lang='lat' dir='ltr'><strong>juvenem,</strong></span> <span class='ocrx_word' id='word_1_217' title='bbox 2011 2118 2145 2178; x_wconf 87' lang='lat' dir='ltr'><strong>vin-</strong></span> 
     </span>
     <span class='ocr_line' id='line_1_26' title="bbox 307 2195 2136 2279; baseline 0.001 -25"><span class='ocrx_word' id='word_1_218' title='bbox 307 2204 530 2257; x_wconf 87' lang='lat' dir='ltr'><strong>centem</strong></span> <span class='ocrx_word' id='word_1_219' title='bbox 565 2195 758 2258; x_wconf 89' lang='lat' dir='ltr'><strong>omnia</strong></span> <span class='ocrx_word' id='word_1_220' title='bbox 791 2217 924 2257; x_wconf 90' lang='lat' dir='ltr'><strong>cum</strong></span> <span class='ocrx_word' id='word_1_221' title='bbox 957 2197 1158 2274; x_wconf 86' lang='lat' dir='ltr'><strong>armis,</strong></span> <span class='ocrx_word' id='word_1_222' title='bbox 1196 2206 1322 2259; x_wconf 89' lang='lat' dir='ltr'><strong>tum</strong></span> <span class='ocrx_word' id='word_1_223' title='bbox 1349 2197 1692 2279; x_wconf 83' lang='lat' dir='ltr'><strong>benignitate</strong></span> <span class='ocrx_word' id='word_1_224' title='bbox 1727 2219 1792 2259; x_wconf 84' lang='lat' dir='ltr'><strong>ac</strong></span> <span class='ocrx_word' id='word_1_225' title='bbox 1831 2197 2136 2259; x_wconf 59' lang='lat' dir='ltr'><strong>beneficiis„</strong></span> 
     </span>
     <span class='ocr_line' id='line_1_27' title="bbox 308 2274 2146 2358; baseline 0.002 -24"><span class='ocrx_word' id='word_1_226' title='bbox 308 2276 501 2356; x_wconf 83' lang='lat' dir='ltr'><strong>Itaque</strong></span> <span class='ocrx_word' id='word_1_227' title='bbox 524 2274 742 2336; x_wconf 84' lang='lat' dir='ltr'><strong>delectu</strong></span> <span class='ocrx_word' id='word_1_228' title='bbox 770 2274 1064 2337; x_wconf 89' lang='lat' dir='ltr'><strong>clientium</strong></span> <span class='ocrx_word' id='word_1_229' title='bbox 1098 2276 1317 2353; x_wconf 82' lang='lat' dir='ltr'><strong>habite,</strong></span> <span class='ocrx_word' id='word_1_230' title='bbox 1338 2298 1472 2339; x_wconf 88' lang='lat' dir='ltr'><strong>cum</strong></span> <span class='ocrx_word' id='word_1_231' title='bbox 1493 2277 1720 2338; x_wconf 86' lang='lat' dir='ltr'><strong>delectis</strong></span> <span class='ocrx_word' id='word_1_232' title='bbox 1742 2275 1897 2337; x_wconf 88' lang='lat' dir='ltr'><strong>mille</strong></span> <span class='ocrx_word' id='word_1_233' title='bbox 1917 2284 1973 2337; x_wconf 90' lang='lat' dir='ltr'><strong>et</strong></span> <span class='ocrx_word' id='word_1_234' title='bbox 1995 2296 2146 2358; x_wconf 80' lang='lat' dir='ltr'><strong>qua-</strong></span> 
     </span>
     <span class='ocr_line' id='line_1_28' title="bbox 303 2352 2145 2491; baseline 0.003 -80"><span class='ocrx_word' id='word_1_235' title='bbox 303 2352 615 2491; x_wconf 62' lang='lat' dir='ltr'><strong>dringlentis</strong></span> <span class='ocrx_word' id='word_1_236' title='bbox 647 2353 930 2435; x_wconf 89' lang='lat' dir='ltr'><strong>equitibus</strong></span> <span class='ocrx_word' id='word_1_237' title='bbox 951 2355 1102 2417; x_wconf 88' lang='lat' dir='ltr'><strong>intra</strong></span> <span class='ocrx_word' id='word_1_238' title='bbox 1120 2376 1328 2436; x_wconf 89' lang='lat' dir='ltr'><strong>paucos</strong></span> <span class='ocrx_word' id='word_1_239' title='bbox 1348 2355 1468 2418; x_wconf 85' lang='lat' dir='ltr'><strong>dies</strong></span> <span class='ocrx_word' id='word_1_240' title='bbox 1500 2355 1570 2418; x_wconf 89' lang='lat' dir='ltr'><strong>ad</strong></span> <span class='ocrx_word' id='word_1_241' title='bbox 1592 2356 1915 2437; x_wconf 86' lang='lat' dir='ltr'><strong>Scipionem</strong></span> <span class='ocrx_word' id='word_1_242' title='bbox 1947 2375 2145 2417; x_wconf 79' lang='lat' dir='ltr'><strong>rever-</strong></span> 
     </span>
     <span class='ocr_line' id='line_1_29' title="bbox 252 2435 1142 2512; baseline 0.007 -24"><span class='ocrx_word' id='word_1_243' title='bbox 252 2442 257 2449; x_wconf 75' lang='lat'><strong>·</strong></span> <span class='ocrx_word' id='word_1_244' title='bbox 309 2439 393 2489; x_wconf 73' lang='lat' dir='ltr'><strong>tit.</strong></span> <span class='ocrx_word' id='word_1_245' title='bbox 419 2435 437 2509; x_wconf 95' lang='lat'><strong>(</strong></span> <span class='ocrx_word' id='word_1_246' title='bbox 494 2453 565 2492; x_wconf 78' lang='grc' dir='ltr'><strong>ιτ.</strong></span> <span class='ocrx_word' id='word_1_247' title='bbox 590 2435 741 2508; x_wconf 67' lang='lat' dir='ltr'><strong>Lm,</strong></span> <span class='ocrx_word' id='word_1_248' title='bbox 764 2454 917 2509; x_wconf 66' lang='lat' dir='ltr'><strong>xxm,</strong></span> <span class='ocrx_word' id='word_1_249' title='bbox 939 2454 992 2496; x_wconf 85' lang='lat' dir='ltr'><strong>c.</strong></span> <span class='ocrx_word' id='word_1_250' title='bbox 1018 2436 1142 2512; x_wconf 76' lang='lat'><strong>50.)</strong></span> 
     </span>
    </p>
   </div>
   <div class='ocr_carea' id='block_1_3' title="bbox 755 2743 1708 2807">
    <p class='ocr_par' dir='ltr' id='par_1_4' title="bbox 755 2743 1708 2807">
     <span class='ocr_line' id='line_1_30' title="bbox 755 2743 1708 2807; baseline 0.002 -4"><span class='ocrx_word' id='word_1_251' title='bbox 755 2748 979 2805; x_wconf 75' lang='grc' dir='ltr'><strong>18.-Ι.Α</strong></span> <span class='ocrx_word' id='word_1_252' title='bbox 1018 2743 1319 2807; x_wconf 61' lang='lat' dir='ltr'><strong>statuet</strong></span> <span class='ocrx_word' id='word_1_253' title='bbox 1359 2750 1708 2806; x_wconf 57' lang='lat' dir='ltr'><strong>nmueusrt.</strong></span> 
     </span>
    </p>
   </div>
   <div class='ocr_carea' id='block_1_4' title="bbox 307 2887 2150 3175">
    <p class='ocr_par' dir='ltr' id='par_1_5' title="bbox 307 2887 2150 3065">
     <span class='ocr_line' id='line_1_31' title="bbox 307 2887 2147 2951; baseline 0.004 -22"><span class='ocrx_word' id='word_1_254' title='bbox 307 2887 382 2930; x_wconf 65' lang='lat' dir='ltr'><strong>Les</strong></span> <span class='ocrx_word' id='word_1_255' title='bbox 404 2887 635 2943; x_wconf 66' lang='lat' dir='ltr'><strong>premier-es</strong></span> <span class='ocrx_word' id='word_1_256' title='bbox 659 2893 820 2935; x_wconf 65' lang='lat' dir='ltr'><strong>anneez</strong></span> <span class='ocrx_word' id='word_1_257' title='bbox 838 2893 897 2935; x_wconf 87' lang='lat' dir='ltr'><strong>du</strong></span> <span class='ocrx_word' id='word_1_258' title='bbox 921 2895 1138 2951; x_wconf 74' lang='lat' dir='ltr'><strong>principat</strong></span> <span class='ocrx_word' id='word_1_259' title='bbox 1157 2893 1384 2951; x_wconf 72' lang='lat' dir='ltr'><strong>d&#39;Auguste</strong></span> <span class='ocrx_word' id='word_1_260' title='bbox 1408 2894 1554 2938; x_wconf 79' lang='lat' dir='ltr'><strong>furem</strong></span> <span class='ocrx_word' id='word_1_261' title='bbox 1577 2895 1804 2950; x_wconf 67' lang='lat' dir='ltr'><strong>mat-queen</strong></span> <span class='ocrx_word' id='word_1_262' title='bbox 1851 2905 1901 2936; x_wconf 85' lang='lat' dir='ltr'><strong>ar</strong></span> <span class='ocrx_word' id='word_1_263' title='bbox 1922 2893 2147 2949; x_wconf 81' lang='lat' dir='ltr'><strong>beaucoup</strong></span> 
     </span>
     <span class='ocr_line' id='line_1_32' title="bbox 363 2945 2140 3008; baseline 0.003 -21"><span class='ocrx_word' id='word_1_264' title='bbox 363 2945 415 2987; x_wconf 81' lang='lat' dir='ltr'><strong>de</strong></span> <span class='ocrx_word' id='word_1_265' title='bbox 447 2946 762 3002; x_wconf 72' lang='lat' dir='ltr'><strong>conspirations</strong></span> <span class='ocrx_word' id='word_1_266' title='bbox 784 2960 933 2992; x_wconf 76' lang='lat' dir='ltr'><strong>contre</strong></span> <span class='ocrx_word' id='word_1_267' title='bbox 965 2964 1014 2993; x_wconf 69' lang='lat' dir='ltr'><strong>aa</strong></span> <span class='ocrx_word' id='word_1_268' title='bbox 1052 2964 1281 3005; x_wconf 69' lang='lat' dir='ltr'><strong>personne.</strong></span> <span class='ocrx_word' id='word_1_269' title='bbox 1308 2953 1363 2994; x_wconf 85' lang='lat' dir='ltr'><strong>La</strong></span> <span class='ocrx_word' id='word_1_270' title='bbox 1387 2950 1485 3008; x_wconf 78' lang='lat' dir='ltr'><strong>plus</strong></span> <span class='ocrx_word' id='word_1_271' title='bbox 1504 2951 1667 2994; x_wconf 68' lang='lat' dir='ltr'><strong>celebre</strong></span> <span class='ocrx_word' id='word_1_272' title='bbox 1689 2958 1751 2994; x_wconf 77' lang='lat' dir='ltr'><strong>est</strong></span> <span class='ocrx_word' id='word_1_273' title='bbox 1775 2964 1798 2993; x_wconf 89' lang='lat' dir='ltr'><strong>c</strong></span> <span class='ocrx_word' id='word_1_274' title='bbox 1857 2964 1880 2993; x_wconf 81' lang='lat' dir='ltr'><strong>e</strong></span> <span class='ocrx_word' id='word_1_275' title='bbox 1901 2950 1953 2993; x_wconf 86' lang='lat' dir='ltr'><strong>de</strong></span> <span class='ocrx_word' id='word_1_276' title='bbox 1974 2952 2110 2994; x_wconf 78' lang='lat' dir='ltr'><strong>Cium</strong></span> <span class='ocrx_word' id='word_1_277' title='bbox 2124 2979 2140 3000; x_wconf 83' lang='lat'>‚</span> 
     </span>
     <span class='ocr_line' id='line_1_33' title="bbox 393 3000 2150 3065; baseline 0.007 -24"><span class='ocrx_word' id='word_1_278' title='bbox 393 3000 558 3044; x_wconf 75' lang='lat' dir='ltr'><strong>etit-fils</strong></span> <span class='ocrx_word' id='word_1_279' title='bbox 578 3004 631 3045; x_wconf 76' lang='lat' dir='ltr'><strong>de</strong></span> <span class='ocrx_word' id='word_1_280' title='bbox 662 3003 777 3060; x_wconf 70' lang='lat' dir='ltr'><strong>Sylla</strong></span> <span class='ocrx_word' id='word_1_281' title='bbox 800 3019 880 3061; x_wconf 83' lang='lat' dir='ltr'><strong>par</strong></span> <span class='ocrx_word' id='word_1_282' title='bbox 901 3019 981 3048; x_wconf 80' lang='lat' dir='ltr'><strong>son</strong></span> <span class='ocrx_word' id='word_1_283' title='bbox 1005 3005 1106 3063; x_wconf 67' lang='lat' dir='ltr'><strong>pere</strong></span> <span class='ocrx_word' id='word_1_284' title='bbox 1126 3040 1137 3059; x_wconf 92' lang='lat'>‚</span> <span class='ocrx_word' id='word_1_285' title='bbox 1170 3018 1211 3050; x_wconf 82' lang='lat' dir='ltr'><strong>et</strong></span> <span class='ocrx_word' id='word_1_286' title='bbox 1229 3009 1283 3051; x_wconf 86' lang='lat' dir='ltr'><strong>de</strong></span> <span class='ocrx_word' id='word_1_287' title='bbox 1298 3008 1480 3064; x_wconf 67' lang='lat' dir='ltr'><strong>I’ompee</strong></span> <span class='ocrx_word' id='word_1_288' title='bbox 1498 3022 1576 3065; x_wconf 81' lang='lat' dir='ltr'><strong>par</strong></span> <span class='ocrx_word' id='word_1_289' title='bbox 1594 3021 1641 3051; x_wconf 65' lang='lat' dir='ltr'><strong>aa</strong></span> <span class='ocrx_word' id='word_1_290' title='bbox 1664 3006 1781 3050; x_wconf 60' lang='lat' dir='ltr'><strong>mere</strong></span> <span class='ocrx_word' id='word_1_291' title='bbox 1798 3038 1811 3059; x_wconf 80' lang='grc'>,</span> <span class='ocrx_word' id='word_1_292' title='bbox 1842 3006 1950 3050; x_wconf 78' lang='lat' dir='ltr'><strong>mais</strong></span> <span class='ocrx_word' id='word_1_293' title='bbox 1981 3013 2150 3055; x_wconf 85' lang='lat' dir='ltr'><strong>homme</strong></span> 
     </span>
    </p>

    <p class='ocr_par' dir='ltr' id='par_1_6' title="bbox 363 3057 2144 3175">
     <span class='ocr_line' id='line_1_34' title="bbox 408 3057 2144 3121; baseline 0.004 -22"><span class='ocrx_word' id='word_1_294' title='bbox 408 3066 448 3100; x_wconf 83' lang='lat' dir='ltr'><strong>rt</strong></span> <span class='ocrx_word' id='word_1_295' title='bbox 467 3057 698 3103; x_wconf 61' lang='lat' dir='ltr'><strong>mediocre.</strong></span> <span class='ocrx_word' id='word_1_296' title='bbox 717 3060 806 3104; x_wconf 76' lang='lat' dir='ltr'><strong>Eue</strong></span> <span class='ocrx_word' id='word_1_297' title='bbox 816 3060 888 3106; x_wconf 75' lang='lat' dir='ltr'><strong>fut</strong></span> <span class='ocrx_word' id='word_1_298' title='bbox 900 3063 1119 3108; x_wconf 62' lang='lat' dir='ltr'><strong>devoilcea</strong></span> <span class='ocrx_word' id='word_1_299' title='bbox 1131 3065 1332 3121; x_wconf 71' lang='lat' dir='ltr'><strong>Auguste,</strong></span> <span class='ocrx_word' id='word_1_300' title='bbox 1347 3067 1441 3121; x_wconf 81' lang='lat' dir='ltr'><strong>qui,</strong></span> <span class='ocrx_word' id='word_1_301' title='bbox 1456 3063 1814 3120; x_wconf 70' lang='lat' dir='ltr'><strong>apresbeaucoup</strong></span> <span class='ocrx_word' id='word_1_302' title='bbox 1832 3064 2144 3114; x_wconf 68' lang='lat' dir='ltr'><strong>d&#39;hesitations,</strong></span> 
     </span>
     <span class='ocr_line' id='line_1_35' title="bbox 363 3116 2139 3175; baseline 0.004 -18"><span class='ocrx_word' id='word_1_303' title='bbox 363 3116 586 3169; x_wconf 83' lang='lat' dir='ltr'><strong>pardonna</strong></span> <span class='ocrx_word' id='word_1_304' title='bbox 608 3130 665 3161; x_wconf 85' lang='lat' dir='ltr'><strong>au</strong></span> <span class='ocrx_word' id='word_1_305' title='bbox 693 3120 919 3175; x_wconf 82' lang='lat' dir='ltr'><strong>coupable.</strong></span> <span class='ocrx_word' id='word_1_306' title='bbox 939 3122 1014 3165; x_wconf 84' lang='lat' dir='ltr'><strong>Cet</strong></span> <span class='ocrx_word' id='word_1_307' title='bbox 1033 3121 1286 3166; x_wconf 59' lang='lat' dir='ltr'><strong>§venement</strong></span> <span class='ocrx_word' id='word_1_308' title='bbox 1305 3130 1369 3165; x_wconf 70' lang='lat' dir='ltr'><strong>eet</strong></span> <span class='ocrx_word' id='word_1_309' title='bbox 1385 3124 1438 3164; x_wconf 78' lang='lat' dir='ltr'><strong>de</strong></span> <span class='ocrx_word' id='word_1_310' title='bbox 1459 3120 1546 3165; x_wconf 82' lang='lat' dir='ltr'><strong>l&#39;an</strong></span> <span class='ocrx_word' id='word_1_311' title='bbox 1571 3124 1653 3164; x_wconf 66' lang='lat'><strong>7⁴9</strong></span> <span class='ocrx_word' id='word_1_312' title='bbox 1675 3123 1729 3165; x_wconf 80' lang='lat' dir='ltr'><strong>de</strong></span> <span class='ocrx_word' id='word_1_313' title='bbox 1748 3122 1896 3174; x_wconf 78' lang='lat' dir='ltr'><strong>Rome,</strong></span> <span class='ocrx_word' id='word_1_314' title='bbox 1914 3122 1940 3162; x_wconf 65' lang='lat'><strong>⁴</strong></span> <span class='ocrx_word' id='word_1_315' title='bbox 1961 3120 2013 3164; x_wconf 74' lang='lat' dir='ltr'><strong>de</strong></span> <span class='ocrx_word' id='word_1_316' title='bbox 2028 3122 2139 3164; x_wconf 56' lang='lat' dir='ltr'><strong>Jec-</strong></span> 
     </span>
    </p>
   </div>
   <div class='ocr_carea' id='block_1_5' title="bbox 387 3259 2148 3348">
    <p class='ocr_par' dir='ltr' id='par_1_7' title="bbox 387 3259 2148 3348">
     <span class='ocr_line' id='line_1_36' title="bbox 387 3259 2148 3348; baseline 0.003 -31"><span class='ocrx_word' id='word_1_317' title='bbox 387 3259 561 3321; x_wconf 86' lang='lat' dir='ltr'><strong>Divus</strong></span> <span class='ocrx_word' id='word_1_318' title='bbox 581 3262 871 3340; x_wconf 80' lang='lat' dir='ltr'><strong>Augustus</strong></span> <span class='ocrx_word' id='word_1_319' title='bbox 898 3264 1007 3326; x_wconf 89' lang='lat' dir='ltr'><strong>fuit</strong></span> <span class='ocrx_word' id='word_1_320' title='bbox 1028 3265 1183 3326; x_wconf 87' lang='lat' dir='ltr'><strong>mitis</strong></span> <span class='ocrx_word' id='word_1_321' title='bbox 1204 3266 1491 3348; x_wconf 88' lang='lat' dir='ltr'><strong>princeps,</strong></span> <span class='ocrx_word' id='word_1_322' title='bbox 1520 3265 1565 3327; x_wconf 91' lang='lat' dir='ltr'><strong>si</strong></span> <span class='ocrx_word' id='word_1_323' title='bbox 1594 3264 1721 3348; x_wconf 91' lang='lat' dir='ltr'><strong>quis</strong></span> <span class='ocrx_word' id='word_1_324' title='bbox 1740 3264 1905 3325; x_wconf 90' lang='lat' dir='ltr'><strong>illum</strong></span> <span class='ocrx_word' id='word_1_325' title='bbox 1925 3284 1957 3325; x_wconf 86' lang='lat' dir='ltr'><strong>a</strong></span> <span class='ocrx_word' id='word_1_326' title='bbox 1993 3271 2148 3342; x_wconf 73' lang='lat' dir='ltr'><strong>prin-</strong></span> 
     </span>
    </p>
   </div>
   <div class='ocr_carea' id='block_1_6' title="bbox 361 3435 2151 3510">
    <p class='ocr_par' dir='ltr' id='par_1_8' title="bbox 361 3435 2151 3510">
     <span class='ocr_line' id='line_1_37' title="bbox 361 3435 2151 3510; baseline 0.006 -31"><span class='ocrx_word' id='word_1_327' title='bbox 361 3435 405 3471; x_wconf 74' lang='lat'><strong>10</strong></span> <span class='ocrx_word' id='word_1_328' title='bbox 423 3435 516 3480; x_wconf 84' lang='lat' dir='ltr'><strong>Pro</strong></span> <span class='ocrx_word' id='word_1_329' title='bbox 548 3451 629 3483; x_wconf 69' lang='lat' dir='ltr'><strong>suo</strong></span> <span class='ocrx_word' id='word_1_330' title='bbox 671 3442 833 3497; x_wconf 75' lang='lat' dir='ltr'><strong>animo,</strong></span> <span class='ocrx_word' id='word_1_331' title='bbox 874 3457 896 3481; x_wconf 75' lang='lat' dir='ltr'><strong>c</strong></span> <span class='ocrx_word' id='word_1_332' title='bbox 915 3457 972 3489; x_wconf 86' lang='lat' dir='ltr'><strong>eu</strong></span> <span class='ocrx_word' id='word_1_333' title='bbox 1019 3451 1201 3500; x_wconf 78' lang='lat' dir='ltr'><strong>rapport</strong></span> <span class='ocrx_word' id='word_1_334' title='bbox 1312 3446 1353 3480; x_wconf 83' lang='lat'><strong>¹1</strong></span> <span class='ocrx_word' id='word_1_335' title='bbox 1378 3446 1524 3490; x_wconf 72' lang='lat' dir='ltr'><strong>Tanto</strong></span> <span class='ocrx_word' id='word_1_336' title='bbox 1543 3458 1679 3510; x_wconf 76' lang='lat' dir='ltr'><strong>opere</strong></span> <span class='ocrx_word' id='word_1_337' title='bbox 1704 3442 1988 3502; x_wconf 58' lang='lat' dir='ltr'><strong>(lantweri),</strong></span> <span class='ocrx_word' id='word_1_338' title='bbox 2007 3455 2028 3477; x_wconf 73' lang='grc'><strong>«</strong></span> <span class='ocrx_word' id='word_1_339' title='bbox 2046 3455 2151 3488; x_wconf 76' lang='lat' dir='ltr'><strong>avec</strong></span> 
     </span>
    </p>
   </div>
   <div class='ocr_carea' id='block_1_7' title="bbox 305 3495 1787 3585">
    <p class='ocr_par' dir='ltr' id='par_1_9' title="bbox 305 3495 1787 3585">
     <span class='ocr_line' id='line_1_38' title="bbox 305 3495 1787 3585; baseline 0.005 -51"><span class='ocrx_word' id='word_1_340' title='bbox 305 3499 518 3585; x_wconf 47' lang='lat' dir='ltr'><strong>§negem</strong></span> <span class='ocrx_word' id='word_1_341' title='bbox 547 3495 825 3549; x_wconf 76' lang='lat' dir='ltr'><strong>sentiments,</strong></span> <span class='ocrx_word' id='word_1_342' title='bbox 866 3510 916 3540; x_wconf 83' lang='lat' dir='ltr'><strong>sa</strong></span> <span class='ocrx_word' id='word_1_343' title='bbox 946 3499 1199 3542; x_wconf 79' lang='lat' dir='ltr'><strong>reconnais-</strong></span> <span class='ocrx_word' id='word_1_344' title='bbox 1255 3510 1347 3542; x_wconf 88' lang='lat' dir='ltr'><strong>une</strong></span> <span class='ocrx_word' id='word_1_345' title='bbox 1367 3501 1473 3542; x_wconf 82' lang='lat' dir='ltr'><strong>telle</strong></span> <span class='ocrx_word' id='word_1_346' title='bbox 1487 3501 1744 3542; x_wconf 75' lang='lat' dir='ltr'><strong>insistauce.</strong></span> <span class='ocrx_word' id='word_1_347' title='bbox 1766 3513 1787 3536; x_wconf 65' lang='grc' dir='ltr'><strong>ι</strong></span> 
     </span>
     <span class='ocr_line' id='line_1_39' title="bbox 443 3559 496 3583; baseline 0.019 -1"><span class='ocrx_word' id='word_1_348' title='bbox 443 3572 453 3582; x_wconf 87' lang='grc'><strong>.</strong></span> <span class='ocrx_word' id='word_1_349' title='bbox 477 3559 496 3583; x_wconf 67' lang='grc' dir='ltr'><em>ὶ</em></span> 
     </span>
    </p>
   </div>
   <div class='ocr_carea' id='block_1_8' title="bbox 2430 0 2485 1195">
    <p class='ocr_par' dir='ltr' id='par_1_10' title="bbox 2430 0 2485 1195">
     <span class='ocr_line' id='line_1_40' title="bbox 2430 0 2485 1195; baseline 0 0"><span class='ocrx_word' id='word_1_350' title='bbox 2430 0 2485 1195; x_wconf 95' lang='lat' dir='ltr'><strong> </strong></span> 
     </span>
    </p>
   </div>
  </div>
 </body>
</html>
