<?xml version="1.0" encoding="UTF-8"?>
<!DOCTYPE html PUBLIC "-//W3C//DTD XHTML 1.0 Transitional//EN"
    "http://www.w3.org/TR/xhtml1/DTD/xhtml1-transitional.dtd">
<html xmlns="http://www.w3.org/1999/xhtml" xml:lang="en" lang="en">
 <head>
  <title>
</title>
<meta http-equiv="Content-Type" content="text/html;charset=utf-8" />
  <meta name='ocr-system' content='tesseract 3.04.00' />
  <meta name='ocr-capabilities' content='ocr_page ocr_carea ocr_par ocr_line ocrx_word'/>
</head>
<body>
  <div class='ocr_page' id='page_1' title='image "./narrationeslati00guiagoog/narrationeslati00guiagoog_0120.png"; bbox 0 0 2525 3984; ppageno 0'>
   <div class='ocr_carea' id='block_1_1' title="bbox 337 178 1529 251">
    <p class='ocr_par' dir='ltr' id='par_1_1' title="bbox 337 178 1529 251">
     <span class='ocr_line' id='line_1_1' title="bbox 337 178 1529 251; baseline -0.006 -5"><span class='ocrx_word' id='word_1_1' title='bbox 337 185 453 251; x_wconf 70' lang='lat'>102.</span> <span class='ocrx_word' id='word_1_2' title='bbox 978 178 1529 239; x_wconf 82' lang='lat' dir='ltr'><strong>NARRATIONES.</strong></span> 
     </span>
    </p>
   </div>
   <div class='ocr_carea' id='block_1_2' title="bbox 337 310 2181 564">
    <p class='ocr_par' dir='ltr' id='par_1_2' title="bbox 337 310 2181 564">
     <span class='ocr_line' id='line_1_2' title="bbox 338 310 2181 392; baseline 0.001 -19"><span class='ocrx_word' id='word_1_3' title='bbox 338 321 583 376; x_wconf 80' lang='lat' dir='ltr'><strong>vertunt.</strong></span> <span class='ocrx_word' id='word_1_4' title='bbox 611 315 685 374; x_wconf 83' lang='lat' dir='ltr'><strong>Et</strong></span> <span class='ocrx_word' id='word_1_5' title='bbox 706 323 807 374; x_wconf 89' lang='lat' dir='ltr'><strong>aut</strong></span> <span class='ocrx_word' id='word_1_6' title='bbox 832 311 1176 392; x_wconf 82' lang='lat' dir='ltr'><strong>fugientium</strong></span> <span class='ocrx_word' id='word_1_7' title='bbox 1195 311 1375 372; x_wconf 82' lang='lat' dir='ltr'><strong>caedes</strong></span> <span class='ocrx_word' id='word_1_8' title='bbox 1394 311 1546 372; x_wconf 81' lang='lat' dir='ltr'><strong>foeda</strong></span> <span class='ocrx_word' id='word_1_9' title='bbox 1564 310 1786 387; x_wconf 84' lang='lat' dir='ltr'><strong>fuisset,</strong></span> <span class='ocrx_word' id='word_1_10' title='bbox 1807 318 1906 371; x_wconf 91' lang='lat' dir='ltr'><strong>aut</strong></span> <span class='ocrx_word' id='word_1_11' title='bbox 1927 318 2181 374; x_wconf 84' lang='lat' dir='ltr'><strong>temera-</strong></span> 
     </span>
     <span class='ocr_line' id='line_1_3' title="bbox 340 388 2180 480; baseline -0.001 -26"><span class='ocrx_word' id='word_1_12' title='bbox 340 396 457 455; x_wconf 85' lang='lat' dir='ltr'><strong>rius</strong></span> <span class='ocrx_word' id='word_1_13' title='bbox 519 394 973 474; x_wconf 80' lang='lat' dir='ltr'>periculosusque</span> <span class='ocrx_word' id='word_1_14' title='bbox 1038 390 1396 472; x_wconf 82' lang='lat' dir='ltr'><strong>sequentium</strong></span> <span class='ocrx_word' id='word_1_15' title='bbox 1411 391 1455 426; x_wconf 80' lang='lat'><strong>¹⁸</strong></span> <span class='ocrx_word' id='word_1_16' title='bbox 1498 390 1770 480; x_wconf 70' lang='lat' dir='ltr'><strong>impetus,</strong></span> <span class='ocrx_word' id='word_1_17' title='bbox 1816 388 1879 450; x_wconf 91' lang='lat' dir='ltr'><strong>ni</strong></span> <span class='ocrx_word' id='word_1_18' title='bbox 1935 391 2180 480; x_wconf 80' lang='lat' dir='ltr'><strong>Marcius</strong></span> 
     </span>
     <span class='ocr_line' id='line_1_4' title="bbox 337 469 2179 564; baseline 0 -32"><span class='ocrx_word' id='word_1_19' title='bbox 337 493 573 564; x_wconf 63' lang='lat' dir='ltr'><strong>propere</strong></span> <span class='ocrx_word' id='word_1_20' title='bbox 616 471 864 552; x_wconf 85' lang='lat' dir='ltr'><strong>receptui</strong></span> <span class='ocrx_word' id='word_1_21' title='bbox 912 469 1155 532; x_wconf 82' lang='lat' dir='ltr'><strong>dedisset</strong></span> <span class='ocrx_word' id='word_1_22' title='bbox 1195 469 1452 560; x_wconf 76' lang='lat' dir='ltr'><strong>signum,</strong></span> <span class='ocrx_word' id='word_1_23' title='bbox 1476 469 1861 551; x_wconf 79' lang='lat' dir='ltr'><strong>obsistensque</strong></span> <span class='ocrx_word' id='word_1_24' title='bbox 1888 469 1960 530; x_wconf 87' lang='lat' dir='ltr'><strong>ad</strong></span> <span class='ocrx_word' id='word_1_25' title='bbox 1990 490 2179 560; x_wconf 74' lang='lat' dir='ltr'><strong>prima</strong></span> 
     </span>
    </p>
   </div>
   <div class='ocr_carea' id='block_1_3' title="bbox 337 547 2231 642">
    <p class='ocr_par' dir='ltr' id='par_1_3' title="bbox 337 547 2231 642">
     <span class='ocr_line' id='line_1_5' title="bbox 337 547 2231 642; baseline -0.001 -30"><span class='ocrx_word' id='word_1_26' title='bbox 337 552 583 642; x_wconf 65' lang='lat' dir='ltr'><strong>signast,</strong></span> <span class='ocrx_word' id='word_1_27' title='bbox 622 550 894 632; x_wconf 88' lang='lat' dir='ltr'><strong>quosdam</strong></span> <span class='ocrx_word' id='word_1_28' title='bbox 918 550 1116 630; x_wconf 86' lang='lat' dir='ltr'><strong>etipse</strong></span> <span class='ocrx_word' id='word_1_29' title='bbox 1138 557 1411 624; x_wconf 81' lang='lat' dir='ltr'><strong>rctinens,</strong></span> <span class='ocrx_word' id='word_1_30' title='bbox 1448 547 1789 610; x_wconf 81' lang='lat' dir='ltr'><strong>concitatam</strong></span> <span class='ocrx_word' id='word_1_31' title='bbox 1828 557 2179 639; x_wconf 75' lang='lat' dir='ltr'><strong>repressisset</strong></span> <span class='ocrx_word' id='word_1_32' title='bbox 2218 606 2231 610; x_wconf 84' lang='lat'><strong>-</strong></span> 
     </span>
    </p>
   </div>
   <div class='ocr_carea' id='block_1_4' title="bbox 333 626 2179 1976">
    <p class='ocr_par' dir='ltr' id='par_1_4' title="bbox 333 626 2179 1976">
     <span class='ocr_line' id='line_1_6' title="bbox 337 626 2178 708; baseline -0.001 -17"><span class='ocrx_word' id='word_1_33' title='bbox 337 649 539 692; x_wconf 78' lang='lat' dir='ltr'><strong>aciem.</strong></span> <span class='ocrx_word' id='word_1_34' title='bbox 577 630 715 691; x_wconf 88' lang='lat' dir='ltr'><strong>Inde</strong></span> <span class='ocrx_word' id='word_1_35' title='bbox 740 629 802 690; x_wconf 92' lang='lat' dir='ltr'><strong>in</strong></span> <span class='ocrx_word' id='word_1_36' title='bbox 835 636 1016 691; x_wconf 86' lang='lat' dir='ltr'><strong>castra</strong></span> <span class='ocrx_word' id='word_1_37' title='bbox 1049 626 1240 690; x_wconf 86' lang='lat' dir='ltr'><strong>avidos</strong></span> <span class='ocrx_word' id='word_1_38' title='bbox 1277 626 1462 691; x_wconf 83' lang='lat' dir='ltr'><strong>adhuc</strong></span> <span class='ocrx_word' id='word_1_39' title='bbox 1498 626 1775 708; x_wconf 77' lang='lat' dir='ltr'><strong>coedisque</strong></span> <span class='ocrx_word' id='word_1_40' title='bbox 1800 635 1856 689; x_wconf 89' lang='lat' dir='ltr'><strong>et</strong></span> <span class='ocrx_word' id='word_1_41' title='bbox 1886 627 2178 708; x_wconf 73' lang='lat' dir='ltr'><strong>sanguinis</strong></span> 
     </span>
     <span class='ocr_line' id='line_1_7' title="bbox 336 704 2175 789; baseline -0.001 -19"><span class='ocrx_word' id='word_1_42' title='bbox 336 709 550 770; x_wconf 79' lang='lat' dir='ltr'>eduxit.</span> <span class='ocrx_word' id='word_1_43' title='bbox 595 706 1082 789; x_wconf 71' lang='lat' dir='ltr'><strong>Carthaginienses</strong></span> <span class='ocrx_word' id='word_1_44' title='bbox 1119 704 1337 786; x_wconf 88' lang='lat' dir='ltr'><strong>trepide</strong></span> <span class='ocrx_word' id='word_1_45' title='bbox 1383 705 1570 786; x_wconf 87' lang='lat' dir='ltr'><strong>primo</strong></span> <span class='ocrx_word' id='word_1_46' title='bbox 1617 705 1690 768; x_wconf 82' lang='lat' dir='ltr'><strong>ab</strong></span> <span class='ocrx_word' id='word_1_47' title='bbox 1736 705 1986 768; x_wconf 88' lang='lat' dir='ltr'><strong>hostium</strong></span> <span class='ocrx_word' id='word_1_48' title='bbox 2029 709 2175 768; x_wconf 81' lang='lat' dir='ltr'><strong>vallo</strong></span> 
     </span>
     <span class='ocr_line' id='line_1_8' title="bbox 336 784 2179 870; baseline -0.001 -21"><span class='ocrx_word' id='word_1_49' title='bbox 336 788 472 865; x_wconf 86' lang='lat' dir='ltr'><strong>acti,</strong></span> <span class='ocrx_word' id='word_1_50' title='bbox 492 796 789 870; x_wconf 85' lang='lat' dir='ltr'><strong>postquam</strong></span> <span class='ocrx_word' id='word_1_51' title='bbox 812 786 1101 847; x_wconf 89' lang='lat' dir='ltr'><strong>neminem</strong></span> <span class='ocrx_word' id='word_1_52' title='bbox 1123 784 1343 866; x_wconf 84' lang='lat' dir='ltr'><strong>insequi</strong></span> <span class='ocrx_word' id='word_1_53' title='bbox 1368 784 1652 860; x_wconf 78' lang='lat' dir='ltr'><strong>viderunt,</strong></span> <span class='ocrx_word' id='word_1_54' title='bbox 1678 793 1838 846; x_wconf 91' lang='lat' dir='ltr'><strong>metu</strong></span> <span class='ocrx_word' id='word_1_55' title='bbox 1865 784 2179 848; x_wconf 84' lang='lat' dir='ltr'><strong>substitisse</strong></span> 
     </span>
     <span class='ocr_line' id='line_1_9' title="bbox 337 862 2172 946; baseline -0.001 -19"><span class='ocrx_word' id='word_1_56' title='bbox 337 868 469 944; x_wconf 87' lang='lat' dir='ltr'><strong>rati,</strong></span> <span class='ocrx_word' id='word_1_57' title='bbox 491 866 859 946; x_wconf 83' lang='lat' dir='ltr'><strong>contemptim</strong></span> <span class='ocrx_word' id='word_1_58' title='bbox 877 868 922 904; x_wconf 82' lang='lat'><strong>¹⁷</strong></span> <span class='ocrx_word' id='word_1_59' title='bbox 946 886 1142 927; x_wconf 87' lang='lat' dir='ltr'><strong>rursus</strong></span> <span class='ocrx_word' id='word_1_60' title='bbox 1160 872 1217 926; x_wconf 92' lang='lat' dir='ltr'><strong>et</strong></span> <span class='ocrx_word' id='word_1_61' title='bbox 1242 864 1431 925; x_wconf 86' lang='lat' dir='ltr'><strong>sedato</strong></span> <span class='ocrx_word' id='word_1_62' title='bbox 1523 862 1635 925; x_wconf 89' lang='lat' dir='ltr'><strong>adu</strong></span> <span class='ocrx_word' id='word_1_63' title='bbox 1654 863 1714 924; x_wconf 87' lang='lat' dir='ltr'><strong>in</strong></span> <span class='ocrx_word' id='word_1_64' title='bbox 1735 872 1917 926; x_wconf 88' lang='lat' dir='ltr'><strong>castra</strong></span> <span class='ocrx_word' id='word_1_65' title='bbox 1940 864 2172 926; x_wconf 83' lang='lat' dir='ltr'><strong>abeunt.</strong></span> 
     </span>
     <span class='ocr_line' id='line_1_10' title="bbox 341 942 2177 1026; baseline 0 -21"><span class='ocrx_word' id='word_1_66' title='bbox 341 947 447 1005; x_wconf 85' lang='lat' dir='ltr'><strong>Par</strong></span> <span class='ocrx_word' id='word_1_67' title='bbox 464 943 804 1026; x_wconf 75' lang='lat' dir='ltr'><strong>negligentia</strong></span> <span class='ocrx_word' id='word_1_68' title='bbox 835 944 896 1005; x_wconf 90' lang='lat' dir='ltr'><strong>in</strong></span> <span class='ocrx_word' id='word_1_69' title='bbox 927 943 1123 1008; x_wconf 86' lang='lat' dir='ltr'><strong>castris</strong></span> <span class='ocrx_word' id='word_1_70' title='bbox 1153 942 1445 1005; x_wconf 80' lang='lat' dir='ltr'><strong>custodieri</strong></span> <span class='ocrx_word' id='word_1_71' title='bbox 1487 943 1534 1004; x_wconf 90' lang='lat' dir='ltr'><strong>is</strong></span> <span class='ocrx_word' id='word_1_72' title='bbox 1561 942 1690 1004; x_wconf 80' lang='lat' dir='ltr'><strong>fuit.</strong></span> <span class='ocrx_word' id='word_1_73' title='bbox 1722 944 1870 1004; x_wconf 89' lang='lat' dir='ltr'><strong>Nam</strong></span> <span class='ocrx_word' id='word_1_74' title='bbox 1895 943 1999 1005; x_wconf 87' lang='lat' dir='ltr'><strong>etsi</strong></span> <span class='ocrx_word' id='word_1_75' title='bbox 2036 963 2177 1025; x_wconf 92' lang='lat' dir='ltr'><strong>pro-</strong></span> 
     </span>
     <span class='ocr_line' id='line_1_11' title="bbox 335 1021 2174 1106; baseline 0.002 -24"><span class='ocrx_word' id='word_1_76' title='bbox 335 1023 583 1106; x_wconf 87' lang='lat' dir='ltr'><strong>pinquus</strong></span> <span class='ocrx_word' id='word_1_77' title='bbox 623 1024 800 1084; x_wconf 90' lang='lat' dir='ltr'><strong>hostis</strong></span> <span class='ocrx_word' id='word_1_78' title='bbox 837 1033 957 1086; x_wconf 90' lang='lat' dir='ltr'><strong>erat</strong></span> <span class='ocrx_word' id='word_1_79' title='bbox 979 1068 1001 1099; x_wconf 83' lang='lat'>‚</span> <span class='ocrx_word' id='word_1_80' title='bbox 1047 1031 1237 1084; x_wconf 86' lang='lat' dir='ltr'><strong>tamen</strong></span> <span class='ocrx_word' id='word_1_81' title='bbox 1286 1021 1552 1104; x_wconf 85' lang='lat' dir='ltr'><strong>reliquias</strong></span> <span class='ocrx_word' id='word_1_82' title='bbox 1593 1043 1728 1083; x_wconf 87' lang='lat' dir='ltr'><strong>eum</strong></span> <span class='ocrx_word' id='word_1_83' title='bbox 1771 1043 1889 1085; x_wconf 87' lang='lat' dir='ltr'><strong>esse</strong></span> <span class='ocrx_word' id='word_1_84' title='bbox 1927 1023 2174 1085; x_wconf 87' lang='lat' dir='ltr'><strong>duorum</strong></span> 
     </span>
     <span class='ocr_line' id='line_1_12' title="bbox 336 1099 2175 1184; baseline 0.001 -21"><span class='ocrx_word' id='word_1_85' title='bbox 336 1101 687 1165; x_wconf 80' lang='lat' dir='ltr'><strong>exercituum</strong></span> <span class='ocrx_word' id='word_1_86' title='bbox 710 1110 839 1163; x_wconf 89' lang='lat' dir='ltr'><strong>ante</strong></span> <span class='ocrx_word' id='word_1_87' title='bbox 869 1122 1078 1184; x_wconf 91' lang='lat' dir='ltr'><strong>paucos</strong></span> <span class='ocrx_word' id='word_1_88' title='bbox 1106 1101 1227 1163; x_wconf 88' lang='lat' dir='ltr'><strong>dies</strong></span> <span class='ocrx_word' id='word_1_89' title='bbox 1251 1101 1593 1176; x_wconf 88' lang='lat' dir='ltr'><strong>deletorum,</strong></span> <span class='ocrx_word' id='word_1_90' title='bbox 1613 1099 1977 1164; x_wconf 88' lang='lat' dir='ltr'><strong>succurrebat</strong></span> <span class='ocrx_word' id='word_1_91' title='bbox 1990 1104 2057 1162; x_wconf 81' lang='lat'><strong>¹⁸.</strong></span> <span class='ocrx_word' id='word_1_92' title='bbox 2085 1102 2175 1164; x_wconf 89' lang='lat' dir='ltr'><strong>Ob</strong></span> 
     </span>
     <span class='ocr_line' id='line_1_13' title="bbox 335 1179 2173 1273; baseline 0 -31"><span class='ocrx_word' id='word_1_93' title='bbox 335 1182 443 1243; x_wconf 91' lang='lat' dir='ltr'><strong>hoc</strong></span> <span class='ocrx_word' id='word_1_94' title='bbox 462 1202 644 1273; x_wconf 83' lang='lat' dir='ltr'><strong>quum</strong></span> <span class='ocrx_word' id='word_1_95' title='bbox 664 1180 855 1243; x_wconf 89' lang='lat' dir='ltr'><strong>omnia</strong></span> <span class='ocrx_word' id='word_1_96' title='bbox 872 1183 1125 1263; x_wconf 83' lang='lat' dir='ltr'><strong>neglecta</strong></span> <span class='ocrx_word' id='word_1_97' title='bbox 1145 1179 1295 1271; x_wconf 88' lang='lat' dir='ltr'><strong>apud</strong></span> <span class='ocrx_word' id='word_1_98' title='bbox 1316 1182 1503 1242; x_wconf 89' lang='lat' dir='ltr'><strong>hostes</strong></span> <span class='ocrx_word' id='word_1_99' title='bbox 1522 1189 1739 1257; x_wconf 87' lang='lat' dir='ltr'><strong>essent,</strong></span> <span class='ocrx_word' id='word_1_100' title='bbox 1759 1181 2057 1272; x_wconf 78' lang='lat' dir='ltr'><strong>exploratis</strong></span> <span class='ocrx_word' id='word_1_101' title='bbox 2078 1181 2173 1258; x_wconf 86' lang='lat' dir='ltr'><strong>iis,</strong></span> 
     </span>
     <span class='ocr_line' id='line_1_14' title="bbox 339 1258 2175 1342; baseline 0.001 -22"><span class='ocrx_word' id='word_1_102' title='bbox 339 1262 581 1323; x_wconf 77' lang='lat' dir='ltr'><strong>Marclus</strong></span> <span class='ocrx_word' id='word_1_103' title='bbox 632 1261 703 1322; x_wconf 88' lang='lat' dir='ltr'><strong>ad</strong></span> <span class='ocrx_word' id='word_1_104' title='bbox 754 1260 1054 1322; x_wconf 89' lang='lat' dir='ltr'><strong>consilium</strong></span> <span class='ocrx_word' id='word_1_105' title='bbox 1104 1279 1292 1340; x_wconf 78' lang='lat' dir='ltr'><strong>prima</strong></span> <span class='ocrx_word' id='word_1_106' title='bbox 1343 1258 1525 1341; x_wconf 89' lang='lat' dir='ltr'><strong>specie</strong></span> <span class='ocrx_word' id='word_1_107' title='bbox 1578 1269 1945 1322; x_wconf 82' lang='lat' dir='ltr'><strong>temerarium</strong></span> <span class='ocrx_word' id='word_1_108' title='bbox 1993 1262 2175 1342; x_wconf 83' lang='lat' dir='ltr'><strong>magis</strong></span> 
     </span>
     <span class='ocr_line' id='line_1_15' title="bbox 334 1337 2174 1420; baseline -0.001 -19"><span class='ocrx_word' id='word_1_109' title='bbox 334 1359 508 1420; x_wconf 86' lang='lat' dir='ltr'><strong>quam</strong></span> <span class='ocrx_word' id='word_1_110' title='bbox 542 1340 754 1416; x_wconf 84' lang='lat' dir='ltr'><strong>audax,</strong></span> <span class='ocrx_word' id='word_1_111' title='bbox 785 1339 1045 1401; x_wconf 87' lang='lat' dir='ltr'><strong>animum</strong></span> <span class='ocrx_word' id='word_1_112' title='bbox 1081 1337 1371 1420; x_wconf 81' lang='lat' dir='ltr'><strong>adjecit¹⁹,</strong></span> <span class='ocrx_word' id='word_1_113' title='bbox 1409 1346 1475 1399; x_wconf 91' lang='lat' dir='ltr'><strong>ut</strong></span> <span class='ocrx_word' id='word_1_114' title='bbox 1515 1341 1665 1402; x_wconf 89' lang='lat' dir='ltr'><strong>ultro</strong></span> <span class='ocrx_word' id='word_1_115' title='bbox 1701 1348 1882 1401; x_wconf 87' lang='lat' dir='ltr'><strong>castra</strong></span> <span class='ocrx_word' id='word_1_116' title='bbox 1919 1339 2174 1400; x_wconf 89' lang='lat' dir='ltr'><strong>hostium</strong></span> 
     </span>
     <span class='ocr_line' id='line_1_16' title="bbox 335 1417 2174 1500; baseline 0.001 -22"><span class='ocrx_word' id='word_1_117' title='bbox 335 1426 725 1500; x_wconf 85' lang='lat' dir='ltr'><strong>oppugnaret,</strong></span> <span class='ocrx_word' id='word_1_118' title='bbox 770 1419 943 1480; x_wconf 90' lang='lat' dir='ltr'><strong>simul</strong></span> <span class='ocrx_word' id='word_1_119' title='bbox 989 1417 1210 1480; x_wconf 89' lang='lat' dir='ltr'><strong>facilius</strong></span> <span class='ocrx_word' id='word_1_120' title='bbox 1247 1438 1366 1479; x_wconf 87' lang='lat' dir='ltr'><strong>esse</strong></span> <span class='ocrx_word' id='word_1_121' title='bbox 1403 1426 1593 1496; x_wconf 89' lang='lat' dir='ltr'><strong>ratus,</strong></span> <span class='ocrx_word' id='word_1_122' title='bbox 1635 1418 1806 1479; x_wconf 90' lang='lat' dir='ltr'><strong>unius</strong></span> <span class='ocrx_word' id='word_1_123' title='bbox 1842 1418 2174 1480; x_wconf 82' lang='lat' dir='ltr'><strong>Asdrubalis</strong></span> 
     </span>
     <span class='ocr_line' id='line_1_17' title="bbox 334 1496 2174 1582; baseline 0.001 -25"><span class='ocrx_word' id='word_1_124' title='bbox 334 1497 642 1579; x_wconf 86' lang='lat' dir='ltr'><strong>expugnari</strong></span> <span class='ocrx_word' id='word_1_125' title='bbox 671 1505 876 1575; x_wconf 86' lang='lat' dir='ltr'><strong>castra,</strong></span> <span class='ocrx_word' id='word_1_126' title='bbox 912 1517 1086 1582; x_wconf 88' lang='lat' dir='ltr'><strong>quam</strong></span> <span class='ocrx_word' id='word_1_127' title='bbox 1114 1496 1158 1559; x_wconf 91' lang='lat' dir='ltr'><strong>si</strong></span> <span class='ocrx_word' id='word_1_128' title='bbox 1195 1517 1253 1559; x_wconf 89' lang='lat' dir='ltr'><strong>se</strong></span> <span class='ocrx_word' id='word_1_129' title='bbox 1289 1518 1485 1558; x_wconf 88' lang='lat' dir='ltr'><strong>rursus</strong></span> <span class='ocrx_word' id='word_1_130' title='bbox 1524 1506 1636 1559; x_wconf 86' lang='lat' dir='ltr'><strong>tres</strong></span> <span class='ocrx_word' id='word_1_131' title='bbox 1669 1497 1944 1559; x_wconf 82' lang='lat' dir='ltr'><strong>exercitus</strong></span> <span class='ocrx_word' id='word_1_132' title='bbox 1970 1518 2034 1559; x_wconf 88' lang='lat' dir='ltr'><strong>ac</strong></span> <span class='ocrx_word' id='word_1_133' title='bbox 2061 1507 2174 1560; x_wconf 87' lang='lat' dir='ltr'><strong>tres</strong></span> 
     </span>
     <span class='ocr_line' id='line_1_18' title="bbox 335 1575 2175 1659; baseline 0.002 -23"><span class='ocrx_word' id='word_1_134' title='bbox 335 1575 506 1638; x_wconf 88' lang='lat' dir='ltr'><strong>duces</strong></span> <span class='ocrx_word' id='word_1_135' title='bbox 535 1577 873 1659; x_wconf 80' lang='lat' dir='ltr'><strong>junxissent,</strong></span> <span class='ocrx_word' id='word_1_136' title='bbox 910 1597 1013 1639; x_wconf 91' lang='lat' dir='ltr'><strong>sua</strong></span> <span class='ocrx_word' id='word_1_137' title='bbox 1035 1576 1298 1654; x_wconf 65' lang='lat' dir='ltr'><strong>defendis,</strong></span> <span class='ocrx_word' id='word_1_138' title='bbox 1332 1577 1502 1638; x_wconf 89' lang='lat' dir='ltr'><strong>simul</strong></span> <span class='ocrx_word' id='word_1_139' title='bbox 1538 1584 1636 1638; x_wconf 90' lang='lat' dir='ltr'><strong>aut</strong></span> <span class='ocrx_word' id='word_1_140' title='bbox 1674 1576 1719 1638; x_wconf 91' lang='lat' dir='ltr'><strong>si</strong></span> <span class='ocrx_word' id='word_1_141' title='bbox 1755 1577 2109 1639; x_wconf 86' lang='lat' dir='ltr'><strong>successisset</strong></span> <span class='ocrx_word' id='word_1_142' title='bbox 2127 1582 2175 1615; x_wconf 67' lang='lat'><strong>‘⁰</strong></span> 
     </span>
     <span class='ocr_line' id='line_1_19' title="bbox 335 1655 2170 1750; baseline 0.001 -34"><span class='ocrx_word' id='word_1_143' title='bbox 335 1655 557 1737; x_wconf 78' lang='lat' dir='ltr'><strong>coeptiS,</strong></span> <span class='ocrx_word' id='word_1_144' title='bbox 586 1666 948 1750; x_wconf 86' lang='lat' dir='ltr'><strong>recepturum</strong></span> <span class='ocrx_word' id='word_1_145' title='bbox 982 1678 1041 1718; x_wconf 90' lang='lat' dir='ltr'><strong>se</strong></span> <span class='ocrx_word' id='word_1_146' title='bbox 1067 1656 1304 1718; x_wconf 84' lang='lat' dir='ltr'><strong>afflictas</strong></span> <span class='ocrx_word' id='word_1_147' title='bbox 1340 1677 1429 1718; x_wconf 88' lang='lat' dir='ltr'><strong>res</strong></span> <span class='ocrx_word' id='word_1_148' title='bbox 1444 1658 1489 1692; x_wconf 79' lang='lat'><strong>²¹</strong></span> <span class='ocrx_word' id='word_1_149' title='bbox 1502 1699 1523 1731; x_wconf 90' lang='lat'><strong><em>,</em></strong></span> <span class='ocrx_word' id='word_1_150' title='bbox 1558 1665 1657 1719; x_wconf 91' lang='lat' dir='ltr'><strong>aut</strong></span> <span class='ocrx_word' id='word_1_151' title='bbox 1689 1656 1734 1717; x_wconf 91' lang='lat' dir='ltr'><strong>si</strong></span> <span class='ocrx_word' id='word_1_152' title='bbox 1769 1658 1963 1737; x_wconf 85' lang='lat' dir='ltr'><strong>pulsus</strong></span> <span class='ocrx_word' id='word_1_153' title='bbox 1995 1668 2170 1732; x_wconf 83' lang='lat' dir='ltr'><strong>esset,</strong></span> 
     </span>
     <span class='ocr_line' id='line_1_20' title="bbox 334 1735 2165 1817; baseline 0.001 -22"><span class='ocrx_word' id='word_1_154' title='bbox 334 1744 525 1796; x_wconf 85' lang='lat' dir='ltr'><strong>tamen</strong></span> <span class='ocrx_word' id='word_1_155' title='bbox 547 1736 697 1798; x_wconf 88' lang='lat' dir='ltr'><strong>ultro</strong></span> <span class='ocrx_word' id='word_1_156' title='bbox 717 1735 1009 1799; x_wconf 80' lang='lat' dir='ltr'><strong>inferendo</strong></span> <span class='ocrx_word' id='word_1_157' title='bbox 1029 1756 1213 1812; x_wconf 90' lang='lat' dir='ltr'><strong>arma,</strong></span> <span class='ocrx_word' id='word_1_158' title='bbox 1237 1743 1628 1816; x_wconf 86' lang='lat' dir='ltr'><strong>contemptum</strong></span> <span class='ocrx_word' id='word_1_159' title='bbox 1658 1735 1746 1796; x_wconf 89' lang='lat' dir='ltr'><strong>sui</strong></span> <span class='ocrx_word' id='word_1_160' title='bbox 1777 1736 2165 1817; x_wconf 89' lang='lat' dir='ltr'><strong>dempturum.</strong></span> 
     </span>
     <span class='ocr_line' id='line_1_21' title="bbox 336 1814 2169 1892; baseline 0.002 -19"><span class='ocrx_word' id='word_1_161' title='bbox 336 1815 418 1875; x_wconf 90' lang='lat' dir='ltr'><strong>Ne</strong></span> <span class='ocrx_word' id='word_1_162' title='bbox 448 1822 641 1877; x_wconf 88' lang='lat' dir='ltr'><strong>tamen</strong></span> <span class='ocrx_word' id='word_1_163' title='bbox 667 1815 852 1877; x_wconf 84' lang='lat' dir='ltr'><strong>subita</strong></span> <span class='ocrx_word' id='word_1_164' title='bbox 889 1837 1003 1892; x_wconf 85' lang='lat' dir='ltr'><strong>res,</strong></span> <span class='ocrx_word' id='word_1_165' title='bbox 1038 1823 1096 1877; x_wconf 90' lang='lat' dir='ltr'><strong>et</strong></span> <span class='ocrx_word' id='word_1_166' title='bbox 1130 1822 1442 1877; x_wconf 89' lang='lat' dir='ltr'><strong>nocturnus</strong></span> <span class='ocrx_word' id='word_1_167' title='bbox 1481 1822 1662 1876; x_wconf 88' lang='lat' dir='ltr'><strong>terror</strong></span> <span class='ocrx_word' id='word_1_168' title='bbox 1703 1814 1874 1876; x_wconf 89' lang='lat' dir='ltr'><strong>etiam</strong></span> <span class='ocrx_word' id='word_1_169' title='bbox 1912 1834 2025 1877; x_wconf 88' lang='lat' dir='ltr'><strong>non</strong></span> <span class='ocrx_word' id='word_1_170' title='bbox 2054 1836 2169 1877; x_wconf 82' lang='lat' dir='ltr'><strong>suae</strong></span> 
     </span>
     <span class='ocr_line' id='line_1_22' title="bbox 333 1892 2170 1976; baseline 0.002 -24"><span class='ocrx_word' id='word_1_171' title='bbox 333 1893 575 1955; x_wconf 71' lang='lat' dir='ltr'><strong>fortunae</strong></span> <span class='ocrx_word' id='word_1_172' title='bbox 593 1892 891 1957; x_wconf 88' lang='lat' dir='ltr'><strong>consilium</strong></span> <span class='ocrx_word' id='word_1_173' title='bbox 977 1894 1261 1956; x_wconf 87' lang='lat' dir='ltr'><strong>rturharet</strong></span> <span class='ocrx_word' id='word_1_174' title='bbox 1271 1898 1344 1970; x_wconf 80' lang='lat'><strong>¹²,</strong></span> <span class='ocrx_word' id='word_1_175' title='bbox 1354 1895 1628 1955; x_wconf 86' lang='lat' dir='ltr'><strong>allocutus</strong></span> <span class='ocrx_word' id='word_1_176' title='bbox 1641 1903 1722 1955; x_wconf 88' lang='lat' dir='ltr'><strong>est</strong></span> <span class='ocrx_word' id='word_1_177' title='bbox 1734 1895 2170 1976; x_wconf 84' lang='lat' dir='ltr'><strong>adhortatusque</strong></span> 
     </span>
    </p>
   </div>
   <div class='ocr_carea' id='block_1_5' title="bbox 335 1971 2219 2050">
    <p class='ocr_par' dir='ltr' id='par_1_5' title="bbox 335 1971 2219 2050">
     <span class='ocr_line' id='line_1_23' title="bbox 335 1971 2219 2050; baseline 0.002 -18"><span class='ocrx_word' id='word_1_178' title='bbox 335 1971 565 2035; x_wconf 75' lang='lat' dir='ltr'><strong>milites,</strong></span> <span class='ocrx_word' id='word_1_179' title='bbox 588 1973 724 2035; x_wconf 84' lang='lat' dir='ltr'><strong>Loeti</strong></span> <span class='ocrx_word' id='word_1_180' title='bbox 751 1982 807 2035; x_wconf 88' lang='lat' dir='ltr'><strong>et</strong></span> <span class='ocrx_word' id='word_1_181' title='bbox 833 1996 906 2036; x_wconf 90' lang='lat' dir='ltr'><strong>au</strong></span> <span class='ocrx_word' id='word_1_182' title='bbox 946 1975 1060 2035; x_wconf 88' lang='lat' dir='ltr'><strong>iere</strong></span> <span class='ocrx_word' id='word_1_183' title='bbox 1091 1974 1162 2034; x_wconf 88' lang='lat' dir='ltr'><strong>ab</strong></span> <span class='ocrx_word' id='word_1_184' title='bbox 1187 1993 1332 2034; x_wconf 84' lang='lat' dir='ltr'><strong>novo</strong></span> <span class='ocrx_word' id='word_1_185' title='bbox 1362 1972 1505 2035; x_wconf 88' lang='lat' dir='ltr'><strong>duce</strong></span> <span class='ocrx_word' id='word_1_186' title='bbox 1523 1993 1737 2034; x_wconf 87' lang='lat' dir='ltr'><strong>novum</strong></span> <span class='ocrx_word' id='word_1_187' title='bbox 1763 1973 2087 2050; x_wconf 84' lang='lat' dir='ltr'><strong>consilium,</strong></span> <span class='ocrx_word' id='word_1_188' title='bbox 2114 1987 2171 2035; x_wconf 87' lang='lat' dir='ltr'><strong>et</strong></span> <span class='ocrx_word' id='word_1_189' title='bbox 2206 1998 2219 2014; x_wconf 76' lang='lat'><strong>.</strong></span> 
     </span>
    </p>
   </div>
   <div class='ocr_carea' id='block_1_6' title="bbox 331 2051 2170 2696">
    <p class='ocr_par' dir='ltr' id='par_1_6' title="bbox 331 2051 2170 2696">
     <span class='ocr_line' id='line_1_24' title="bbox 371 2051 2170 2134; baseline 0.002 -24"><span class='ocrx_word' id='word_1_190' title='bbox 371 2070 445 2112; x_wconf 88' lang='lat' dir='ltr'><strong>uo</strong></span> <span class='ocrx_word' id='word_1_191' title='bbox 482 2051 751 2113; x_wconf 87' lang='lat' dir='ltr'><strong>audacius</strong></span> <span class='ocrx_word' id='word_1_192' title='bbox 782 2062 937 2129; x_wconf 88' lang='lat' dir='ltr'><strong>erat,</strong></span> <span class='ocrx_word' id='word_1_193' title='bbox 973 2052 1156 2132; x_wconf 87' lang='lat' dir='ltr'><strong>magis</strong></span> <span class='ocrx_word' id='word_1_194' title='bbox 1190 2052 1466 2133; x_wconf 88' lang='lat' dir='ltr'><strong>placebat.</strong></span> <span class='ocrx_word' id='word_1_195' title='bbox 1506 2052 1812 2134; x_wconf 89' lang='lat' dir='ltr'><strong>Reliquum</strong></span> <span class='ocrx_word' id='word_1_196' title='bbox 1848 2052 1959 2114; x_wconf 88' lang='lat' dir='ltr'><strong>diei</strong></span> <span class='ocrx_word' id='word_1_197' title='bbox 1995 2074 2170 2134; x_wconf 88' lang='lat' dir='ltr'><strong>expe-</strong></span> 
     </span>
     <span class='ocr_line' id='line_1_25' title="bbox 374 2128 2167 2213; baseline 0.004 -25"><span class='ocrx_word' id='word_1_198' title='bbox 374 2128 551 2191; x_wconf 87' lang='lat' dir='ltr'><strong>’endis</strong></span> <span class='ocrx_word' id='word_1_199' title='bbox 588 2131 761 2191; x_wconf 88' lang='lat' dir='ltr'><strong>armis</strong></span> <span class='ocrx_word' id='word_1_200' title='bbox 773 2175 795 2206; x_wconf 84' lang='lat'>‚</span> <span class='ocrx_word' id='word_1_201' title='bbox 834 2139 891 2193; x_wconf 88' lang='lat' dir='ltr'><strong>et</strong></span> <span class='ocrx_word' id='word_1_202' title='bbox 930 2131 1218 2193; x_wconf 81' lang='lat' dir='ltr'><strong>curatione</strong></span> <span class='ocrx_word' id='word_1_203' title='bbox 1262 2152 1361 2194; x_wconf 86' lang='lat' dir='ltr'><strong>cor</strong></span> <span class='ocrx_word' id='word_1_204' title='bbox 1401 2153 1567 2193; x_wconf 89' lang='lat' dir='ltr'><strong>orum</strong></span> <span class='ocrx_word' id='word_1_205' title='bbox 1605 2142 2006 2213; x_wconf 89' lang='lat' dir='ltr'><strong>consumptum</strong></span> <span class='ocrx_word' id='word_1_206' title='bbox 2044 2152 2064 2195; x_wconf 78' lang='lat' dir='ltr'><strong>t</strong></span> <span class='ocrx_word' id='word_1_207' title='bbox 2110 2143 2167 2195; x_wconf 84' lang='lat' dir='ltr'><strong>et</strong></span> 
     </span>
     <span class='ocr_line' id='line_1_26' title="bbox 333 2153 2163 2301; baseline 0.004 -34"><span class='ocrx_word' id='word_1_208' title='bbox 333 2207 517 2268; x_wconf 80' lang='lat' dir='ltr'><strong>ma&#39;or</strong></span> <span class='ocrx_word' id='word_1_209' title='bbox 536 2229 664 2291; x_wconf 88' lang='lat' dir='ltr'><strong>pars</strong></span> <span class='ocrx_word' id='word_1_210' title='bbox 682 2208 862 2272; x_wconf 91' lang='lat' dir='ltr'><strong>noctis</strong></span> <span class='ocrx_word' id='word_1_211' title='bbox 882 2208 1060 2301; x_wconf 82' lang='lat' dir='ltr'><strong>quieti</strong></span> <span class='ocrx_word' id='word_1_212' title='bbox 1084 2209 1214 2270; x_wconf 89' lang='lat' dir='ltr'><strong>data</strong></span> <span class='ocrx_word' id='word_1_213' title='bbox 1226 2218 1330 2270; x_wconf 89' lang='lat' dir='ltr'><strong>est.</strong></span> <span class='ocrx_word' id='word_1_214' title='bbox 1353 2153 1567 2283; x_wconf 56' lang='lat' dir='ltr'><strong>guarta</strong></span> <span class='ocrx_word' id='word_1_215' title='bbox 1584 2211 1776 2293; x_wconf 86' lang='lat' dir='ltr'><strong>vigilia</strong></span> <span class='ocrx_word' id='word_1_216' title='bbox 1789 2215 1834 2250; x_wconf 83' lang='lat'><strong>²³</strong></span> <span class='ocrx_word' id='word_1_217' title='bbox 1857 2232 2081 2274; x_wconf 85' lang='lat' dir='ltr'><strong>movere</strong></span> <span class='ocrx_word' id='word_1_218' title='bbox 2094 2216 2163 2274; x_wconf 70' lang='lat'><strong>²⁸.</strong></span> 
     </span>
     <span class='ocr_line' id='line_1_27' title="bbox 462 2289 2170 2369; baseline 0.003 -20"><span class='ocrx_word' id='word_1_219' title='bbox 462 2289 751 2349; x_wconf 87' lang='lat' dir='ltr'><strong>rantultra</strong></span> <span class='ocrx_word' id='word_1_220' title='bbox 762 2309 1018 2369; x_wconf 79' lang='lat' dir='ltr'><strong>proxima</strong></span> <span class='ocrx_word' id='word_1_221' title='bbox 1031 2297 1210 2351; x_wconf 89' lang='lat' dir='ltr'><strong>castra</strong></span> <span class='ocrx_word' id='word_1_222' title='bbox 1222 2306 1317 2351; x_wconf 79' lang='lat' dir='ltr'><strong>sex</strong></span> <span class='ocrx_word' id='word_1_223' title='bbox 1329 2290 1574 2352; x_wconf 90' lang='lat' dir='ltr'><strong>millium</strong></span> <span class='ocrx_word' id='word_1_224' title='bbox 1594 2290 1884 2352; x_wconf 84' lang='lat' dir='ltr'><strong>intervallo</strong></span> <span class='ocrx_word' id='word_1_225' title='bbox 1899 2293 2170 2354; x_wconf 87' lang='lat' dir='ltr'><strong>distantes</strong></span> 
     </span>
     <span class='ocr_line' id='line_1_28' title="bbox 331 2366 2168 2450; baseline 0.003 -23"><span class='ocrx_word' id='word_1_226' title='bbox 331 2366 454 2429; x_wconf 84' lang='lat' dir='ltr'><strong>aliae</strong></span> <span class='ocrx_word' id='word_1_227' title='bbox 475 2366 649 2450; x_wconf 83' lang='lat' dir='ltr'><strong>copiae</strong></span> <span class='ocrx_word' id='word_1_228' title='bbox 671 2370 1010 2430; x_wconf 84' lang='lat' dir='ltr'><strong>Poenorum:</strong></span> <span class='ocrx_word' id='word_1_229' title='bbox 1034 2369 1190 2430; x_wconf 89' lang='lat' dir='ltr'><strong>vallis</strong></span> <span class='ocrx_word' id='word_1_230' title='bbox 1207 2369 1643 2446; x_wconf 83' lang='lat' dir='ltr'><strong>cavaintererat,</strong></span> <span class='ocrx_word' id='word_1_231' title='bbox 1662 2370 1940 2433; x_wconf 84' lang='lat' dir='ltr'><strong>condensa</strong></span> <span class='ocrx_word' id='word_1_232' title='bbox 1952 2371 2168 2443; x_wconf 80' lang='lat' dir='ltr'><strong>arbori-</strong></span> 
     </span>
     <span class='ocr_line' id='line_1_29' title="bbox 331 2445 2166 2541; baseline 0.003 -34"><span class='ocrx_word' id='word_1_233' title='bbox 331 2445 458 2511; x_wconf 74' lang='lat' dir='ltr'><strong>bus,</strong></span> <span class='ocrx_word' id='word_1_234' title='bbox 495 2450 562 2510; x_wconf 91' lang='lat' dir='ltr'><strong>In</strong></span> <span class='ocrx_word' id='word_1_235' title='bbox 595 2449 767 2541; x_wconf 77' lang='lat' dir='ltr'><strong>hujus</strong></span> <span class='ocrx_word' id='word_1_236' title='bbox 788 2446 938 2510; x_wconf 85' lang='lat' dir='ltr'><strong>silvae</strong></span> <span class='ocrx_word' id='word_1_237' title='bbox 958 2448 1145 2509; x_wconf 90' lang='lat' dir='ltr'><strong>medio</strong></span> <span class='ocrx_word' id='word_1_238' title='bbox 1176 2450 1355 2509; x_wconf 84' lang='lat' dir='ltr'><strong>ferme</strong></span> <span class='ocrx_word' id='word_1_239' title='bbox 1372 2449 1549 2529; x_wconf 90' lang='lat' dir='ltr'><strong>spatio</strong></span> <span class='ocrx_word' id='word_1_240' title='bbox 1570 2450 1770 2510; x_wconf 88' lang='lat' dir='ltr'><strong>cohors</strong></span> <span class='ocrx_word' id='word_1_241' title='bbox 1794 2471 2030 2512; x_wconf 87' lang='lat' dir='ltr'><strong>romana</strong></span> <span class='ocrx_word' id='word_1_242' title='bbox 2048 2461 2166 2512; x_wconf 87' lang='lat' dir='ltr'><strong>arte</strong></span> 
     </span>
     <span class='ocr_line' id='line_1_30' title="bbox 333 2527 2166 2609; baseline 0.002 -21"><span class='ocrx_word' id='word_1_243' title='bbox 333 2527 543 2606; x_wconf 87' lang='lat' dir='ltr'><strong>punica</strong></span> <span class='ocrx_word' id='word_1_244' title='bbox 569 2527 797 2590; x_wconf 80' lang='lat' dir='ltr'><strong>abditur</strong></span> <span class='ocrx_word' id='word_1_245' title='bbox 811 2573 831 2603; x_wconf 86' lang='lat'>‚</span> <span class='ocrx_word' id='word_1_246' title='bbox 858 2537 916 2590; x_wconf 89' lang='lat' dir='ltr'><strong>et</strong></span> <span class='ocrx_word' id='word_1_247' title='bbox 932 2527 1182 2609; x_wconf 51' lang='lat' dir='ltr'><strong>equites·¹</strong></span> <span class='ocrx_word' id='word_1_248' title='bbox 1202 2529 1289 2588; x_wconf 87' lang='lat' dir='ltr'><strong>Ita</strong></span> <span class='ocrx_word' id='word_1_249' title='bbox 1312 2527 1503 2589; x_wconf 43' lang='lat' dir='ltr'><strong>medio¹</strong></span> <span class='ocrx_word' id='word_1_250' title='bbox 1526 2527 1726 2589; x_wconf 87' lang='lat' dir='ltr'><strong>itinere</strong></span> <span class='ocrx_word' id='word_1_251' title='bbox 1752 2529 2059 2609; x_wconf 89' lang='lat' dir='ltr'><strong>intercepto</strong></span> <span class='ocrx_word' id='word_1_252' title='bbox 2078 2533 2124 2567; x_wconf 78' lang='lat'><strong>²⁶</strong></span> <span class='ocrx_word' id='word_1_253' title='bbox 2142 2576 2166 2606; x_wconf 86' lang='lat'><strong><em>,</em></strong></span> 
     </span>
     <span class='ocr_line' id='line_1_31' title="bbox 331 2605 2166 2696; baseline 0.003 -30"><span class='ocrx_word' id='word_1_254' title='bbox 331 2615 528 2696; x_wconf 73' lang='lat' dir='ltr'><strong>ceterae</strong></span> <span class='ocrx_word' id='word_1_255' title='bbox 555 2608 730 2690; x_wconf 82' lang='lat' dir='ltr'><strong>copiae</strong></span> <span class='ocrx_word' id='word_1_256' title='bbox 760 2606 945 2671; x_wconf 89' lang='lat' dir='ltr'><strong>silenti</strong></span> <span class='ocrx_word' id='word_1_257' title='bbox 979 2606 1207 2692; x_wconf 79' lang='lat' dir='ltr'><strong>agmine</strong></span> <span class='ocrx_word' id='word_1_258' title='bbox 1242 2605 1314 2668; x_wconf 90' lang='lat' dir='ltr'><strong>ad</strong></span> <span class='ocrx_word' id='word_1_259' title='bbox 1345 2606 1629 2688; x_wconf 82' lang='lat' dir='ltr'><strong>proximos</strong></span> <span class='ocrx_word' id='word_1_260' title='bbox 1653 2608 1839 2669; x_wconf 81' lang='lat' dir='ltr'><strong>hostes</strong></span> <span class='ocrx_word' id='word_1_261' title='bbox 1863 2615 2084 2689; x_wconf 83' lang='lat' dir='ltr'><strong>ductae3</strong></span> <span class='ocrx_word' id='word_1_262' title='bbox 2109 2622 2166 2672; x_wconf 84' lang='lat' dir='ltr'><strong>et</strong></span> 
     </span>
    </p>
   </div>
   <div class='ocr_carea' id='block_1_7' title="bbox 334 2837 1225 3629">
    <p class='ocr_par' dir='ltr' id='par_1_7' title="bbox 340 2837 1225 3003">
     <span class='ocr_line' id='line_1_32' title="bbox 340 2837 1225 2930; baseline 0.007 -48"><span class='ocrx_word' id='word_1_263' title='bbox 340 2837 433 2930; x_wconf 34' lang='lat'><strong>‘⁶¹⁸</strong></span> <span class='ocrx_word' id='word_1_264' title='bbox 460 2839 775 2898; x_wconf 72' lang='lat' dir='ltr'><strong>Sequentium,</strong></span> <span class='ocrx_word' id='word_1_265' title='bbox 806 2857 918 2898; x_wconf 85' lang='lat' dir='ltr'><strong>pom·</strong></span> <span class='ocrx_word' id='word_1_266' title='bbox 950 2857 1225 2903; x_wconf 76' lang='lat' dir='ltr'><strong>persequen-</strong></span> 
     </span>
     <span class='ocr_line' id='line_1_33' title="bbox 362 2902 1222 3003; baseline 0.009 -18"><span class='ocrx_word' id='word_1_267' title='bbox 362 2902 694 2987; x_wconf 50' lang='grc' dir='ltr'><strong>αίῖἲηΌόεΞθέεηε</strong></span> <span class='ocrx_word' id='word_1_268' title='bbox 711 2945 773 2987; x_wconf 79' lang='lat' dir='ltr'><strong>ad</strong></span> <span class='ocrx_word' id='word_1_269' title='bbox 789 2947 944 3002; x_wconf 74' lang='lat' dir='ltr'><strong>prima</strong></span> <span class='ocrx_word' id='word_1_270' title='bbox 958 2949 1105 3003; x_wconf 69' lang='lat' dir='ltr'><strong>siqua,</strong></span> <span class='ocrx_word' id='word_1_271' title='bbox 1130 2962 1153 2987; x_wconf 63' lang='grc' dir='ltr'>ε</span> <span class='ocrx_word' id='word_1_272' title='bbox 1171 2962 1222 2992; x_wconf 85' lang='lat' dir='ltr'><strong>se</strong></span> 
     </span>
    </p>

    <p class='ocr_par' dir='ltr' id='par_1_8' title="bbox 334 2994 1224 3318">
     <span class='ocr_line' id='line_1_34' title="bbox 337 2994 1224 3096; baseline 0.008 -59"><span class='ocrx_word' id='word_1_273' title='bbox 337 2994 709 3094; x_wconf 38' lang='lat' dir='ltr'><strong>pli-agaglfflanu}</strong></span> <span class='ocrx_word' id='word_1_274' title='bbox 718 2999 785 3092; x_wconf 56' lang='lat'>¹:1³⁸</span> <span class='ocrx_word' id='word_1_275' title='bbox 812 3003 937 3043; x_wconf 84' lang='lat' dir='ltr'><strong>ensei</strong></span> <span class='ocrx_word' id='word_1_276' title='bbox 959 3014 1086 3096; x_wconf 53' lang='lat' dir='ltr'><strong>dgtss‘</strong></span> <span class='ocrx_word' id='word_1_277' title='bbox 1112 3014 1224 3056; x_wconf 85' lang='lat' dir='ltr'><strong>pour</strong></span> 
     </span>
     <span class='ocr_line' id='line_1_35' title="bbox 342 3059 1223 3156; baseline 0.007 -12"><span class='ocrx_word' id='word_1_278' title='bbox 342 3059 369 3091; x_wconf 67' lang='lat' dir='ltr'><strong>a</strong></span> <span class='ocrx_word' id='word_1_279' title='bbox 390 3101 435 3137; x_wconf 77' lang='lat'><strong>¹⁷</strong></span> <span class='ocrx_word' id='word_1_280' title='bbox 464 3062 656 3145; x_wconf 54' lang='lat' dir='ltr'><strong>euntem?</strong></span> <span class='ocrx_word' id='word_1_281' title='bbox 682 3062 783 3156; x_wconf 54' lang='lat' dir='ltr'><strong>tim?</strong></span> <span class='ocrx_word' id='word_1_282' title='bbox 800 3063 945 3147; x_wconf 57' lang='lat' dir='ltr'><strong>{ed&#39;gg</strong></span> <span class='ocrx_word' id='word_1_283' title='bbox 965 3106 1033 3148; x_wconf 76' lang='lat' dir='ltr'><strong>air</strong></span> <span class='ocrx_word' id='word_1_284' title='bbox 1048 3085 1106 3149; x_wconf 83' lang='lat' dir='ltr'><strong>de</strong></span> <span class='ocrx_word' id='word_1_285' title='bbox 1120 3107 1223 3149; x_wconf 74' lang='lat' dir='ltr'><strong>bra-</strong></span> 
     </span>
     <span class='ocr_line' id='line_1_36' title="bbox 339 3154 1223 3264; baseline 0.003 -12"><span class='ocrx_word' id='word_1_286' title='bbox 339 3154 446 3242; x_wconf 53' lang='grc' dir='ltr'>ῃξιθε</span> <span class='ocrx_word' id='word_1_287' title='bbox 461 3160 779 3264; x_wconf 38' lang='lat' dir='ltr'><strong>{mmm-reb&amp;</strong></span> <span class='ocrx_word' id='word_1_288' title='bbox 791 3173 834 3248; x_wconf 56' lang='grc' dir='ltr'><strong><em>ἰ</em></strong></span> <span class='ocrx_word' id='word_1_289' title='bbox 850 3211 909 3253; x_wconf 82' lang='lat' dir='ltr'><strong>ils</strong></span> <span class='ocrx_word' id='word_1_290' title='bbox 934 3220 985 3253; x_wconf 81' lang='lat' dir='ltr'><strong>se</strong></span> <span class='ocrx_word' id='word_1_291' title='bbox 1000 3211 1223 3256; x_wconf 83' lang='lat' dir='ltr'><strong>flattaient</strong></span> 
     </span>
     <span class='ocr_line' id='line_1_37' title="bbox 334 3260 736 3318; baseline 0.002 -16"><span class='ocrx_word' id='word_1_292' title='bbox 334 3261 391 3303; x_wconf 80' lang='lat' dir='ltr'><strong>tle</strong></span> <span class='ocrx_word' id='word_1_293' title='bbox 408 3260 540 3306; x_wconf 64' lang='lat' dir='ltr'><strong>l’idhe</strong></span> <span class='ocrx_word' id='word_1_294' title='bbox 553 3273 694 3318; x_wconf 78' lang='lat' dir='ltr'><strong>que...</strong></span> <span class='ocrx_word' id='word_1_295' title='bbox 712 3277 736 3303; x_wconf 76' lang='grc'><strong>&gt;</strong></span> 
     </span>
    </p>

    <p class='ocr_par' dir='ltr' id='par_1_9' title="bbox 335 3312 1225 3517">
     <span class='ocr_line' id='line_1_38' title="bbox 390 3312 1221 3372; baseline 0.004 -15"><span class='ocrx_word' id='word_1_296' title='bbox 390 3312 434 3347; x_wconf 80' lang='lat'><strong>¹⁹</strong></span> <span class='ocrx_word' id='word_1_297' title='bbox 444 3313 522 3358; x_wconf 75' lang='lat' dir='ltr'><strong>Aa</strong></span> <span class='ocrx_word' id='word_1_298' title='bbox 532 3313 1015 3360; x_wconf 73' lang='lat' dir='ltr'><strong>consilium...animum</strong></span> <span class='ocrx_word' id='word_1_299' title='bbox 1031 3315 1221 3372; x_wconf 76' lang='lat' dir='ltr'><strong>adjecit,</strong></span> 
     </span>
     <span class='ocr_line' id='line_1_39' title="bbox 335 3365 1225 3414; baseline 0.009 -7"><span class='ocrx_word' id='word_1_300' title='bbox 335 3376 391 3408; x_wconf 85' lang='lat' dir='ltr'><strong>m.</strong></span> <span class='ocrx_word' id='word_1_301' title='bbox 419 3365 448 3410; x_wconf 69' lang='lat' dir='ltr'><strong>a</strong></span> <span class='ocrx_word' id='word_1_302' title='bbox 463 3378 526 3411; x_wconf 82' lang='lat' dir='ltr'><strong>m.</strong></span> <span class='ocrx_word' id='word_1_303' title='bbox 545 3368 723 3413; x_wconf 61' lang='lat' dir='ltr'><strong>attauhu</strong></span> <span class='ocrx_word' id='word_1_304' title='bbox 737 3382 818 3414; x_wconf 87' lang='lat' dir='ltr'><strong>son</strong></span> <span class='ocrx_word' id='word_1_305' title='bbox 846 3383 895 3414; x_wconf 88' lang='lat' dir='ltr'><strong>es</strong></span> <span class='ocrx_word' id='word_1_306' title='bbox 927 3373 984 3414; x_wconf 84' lang='lat' dir='ltr'><strong>rit</strong></span> <span class='ocrx_word' id='word_1_307' title='bbox 1008 3369 1139 3414; x_wconf 69' lang='lat' dir='ltr'><strong>aune</strong></span> <span class='ocrx_word' id='word_1_308' title='bbox 1155 3369 1225 3414; x_wconf 74' lang='lat' dir='ltr'><strong>re-</strong></span> 
     </span>
     <span class='ocr_line' id='line_1_40' title="bbox 335 3415 1225 3479; baseline 0.007 -19"><span class='ocrx_word' id='word_1_309' title='bbox 335 3415 544 3474; x_wconf 73' lang='lat' dir='ltr'><strong>solution,</strong></span> <span class='ocrx_word' id='word_1_310' title='bbox 578 3421 735 3466; x_wconf 52' lang='lat' dir='ltr'><strong>cab-d.</strong></span> <span class='ocrx_word' id='word_1_311' title='bbox 772 3436 795 3462; x_wconf 69' lang='grc' dir='ltr'><strong>α</strong></span> <span class='ocrx_word' id='word_1_312' title='bbox 813 3435 863 3466; x_wconf 83' lang='lat' dir='ltr'><strong>se</strong></span> <span class='ocrx_word' id='word_1_313' title='bbox 912 3422 1225 3479; x_wconf 73' lang='lat' dir='ltr'><strong>ecidaapren-</strong></span> 
     </span>
     <span class='ocr_line' id='line_1_41' title="bbox 335 3471 685 3517; baseline 0.006 -5"><span class='ocrx_word' id='word_1_314' title='bbox 335 3471 415 3515; x_wconf 76' lang='lat' dir='ltr'><strong>dre</strong></span> <span class='ocrx_word' id='word_1_315' title='bbox 432 3485 491 3516; x_wconf 86' lang='lat' dir='ltr'><strong>un</strong></span> <span class='ocrx_word' id='word_1_316' title='bbox 539 3475 637 3517; x_wconf 85' lang='lat' dir='ltr'><strong>arti.</strong></span> <span class='ocrx_word' id='word_1_317' title='bbox 664 3490 685 3514; x_wconf 68' lang='grc' dir='ltr'><strong><em>ο</em></strong></span> 
     </span>
    </p>

    <p class='ocr_par' dir='ltr' id='par_1_10' title="bbox 335 3524 1221 3629">
     <span class='ocr_line' id='line_1_42' title="bbox 388 3524 1221 3582; baseline 0.006 -15"><span class='ocrx_word' id='word_1_318' title='bbox 388 3524 435 3558; x_wconf 77' lang='lat'><strong>²⁰</strong></span> <span class='ocrx_word' id='word_1_319' title='bbox 516 3526 533 3567; x_wconf 78' lang='lat' dir='ltr'><strong><em>i</em></strong></span> <span class='ocrx_word' id='word_1_320' title='bbox 564 3529 864 3582; x_wconf 66' lang='lat' dir='ltr'><strong>successisset,</strong></span> <span class='ocrx_word' id='word_1_321' title='bbox 901 3531 1221 3573; x_wconf 73' lang='lat' dir='ltr'><strong>sous-entendu</strong></span> 
     </span>
     <span class='ocr_line' id='line_1_43' title="bbox 335 3576 642 3629; baseline 0.007 -8"><span class='ocrx_word' id='word_1_322' title='bbox 335 3583 422 3626; x_wconf 60' lang='lat' dir='ltr'><strong>Yet,</strong></span> <span class='ocrx_word' id='word_1_323' title='bbox 442 3576 642 3629; x_wconf 72' lang='lat' dir='ltr'><strong>fortuna.</strong></span> 
     </span>
    </p>
   </div>
   <div class='ocr_carea' id='block_1_8' title="bbox 1275 2840 2169 3270">
    <p class='ocr_par' dir='ltr' id='par_1_11' title="bbox 1275 2840 2169 3216">
     <span class='ocr_line' id='line_1_44' title="bbox 1330 2840 2169 2907; baseline 0.001 -20"><span class='ocrx_word' id='word_1_324' title='bbox 1330 2843 1372 2877; x_wconf 69' lang='lat'><strong>21</strong></span> <span class='ocrx_word' id='word_1_325' title='bbox 1405 2842 1700 2906; x_wconf 60' lang='lat' dir='ltr'><strong>Receptmjum</strong></span> <span class='ocrx_word' id='word_1_326' title='bbox 1719 2854 1766 2886; x_wconf 79' lang='lat' dir='ltr'><strong>se</strong></span> <span class='ocrx_word' id='word_1_327' title='bbox 1776 2840 1968 2907; x_wconf 72' lang='lat' dir='ltr'><strong>afflictas</strong></span> <span class='ocrx_word' id='word_1_328' title='bbox 1986 2856 2076 2897; x_wconf 76' lang='lat' dir='ltr'><strong>res,</strong></span> <span class='ocrx_word' id='word_1_329' title='bbox 2102 2847 2169 2890; x_wconf 79' lang='lat' dir='ltr'><strong>«il</strong></span> 
     </span>
     <span class='ocr_line' id='line_1_45' title="bbox 1278 2897 2165 3006; baseline 0.001 -15"><span class='ocrx_word' id='word_1_330' title='bbox 1278 2897 2165 3006; x_wconf 47' lang='lat' dir='ltr'><strong>”zrffiassxssrsryzsssszs</strong></span> 
     </span>
     <span class='ocr_line' id='line_1_46' title="bbox 1277 3000 2164 3065; baseline 0.002 -21"><span class='ocrx_word' id='word_1_331' title='bbox 1277 3000 1385 3044; x_wconf 76' lang='lat' dir='ltr'><strong>lium</strong></span> <span class='ocrx_word' id='word_1_332' title='bbox 1387 3001 1694 3065; x_wconf 62' lang='lat' dir='ltr'><strong>perturbaret,</strong></span> <span class='ocrx_word' id='word_1_333' title='bbox 1708 3015 1730 3039; x_wconf 65' lang='grc' dir='ltr'><strong>ε</strong></span> <span class='ocrx_word' id='word_1_334' title='bbox 1742 3012 1802 3044; x_wconf 85' lang='lat' dir='ltr'><strong>ne</strong></span> <span class='ocrx_word' id='word_1_335' title='bbox 1812 3000 1904 3044; x_wconf 75' lang='lat' dir='ltr'><strong>vtnt</strong></span> <span class='ocrx_word' id='word_1_336' title='bbox 1913 3001 1940 3044; x_wconf 78' lang='grc' dir='ltr'><strong>ὸ,</strong></span> <span class='ocrx_word' id='word_1_337' title='bbox 1949 3000 2164 3057; x_wconf 76' lang='lat' dir='ltr'><strong>dei-anger</strong></span> 
     </span>
     <span class='ocr_line' id='line_1_47' title="bbox 1275 3055 2162 3149; baseline 0.001 -51"><span class='ocrx_word' id='word_1_338' title='bbox 1275 3067 1335 3149; x_wconf 56' lang='lat' dir='ltr'><strong>gp</strong></span> <span class='ocrx_word' id='word_1_339' title='bbox 1350 3057 1453 3116; x_wconf 68' lang='lat' dir='ltr'><strong>plan</strong></span> <span class='ocrx_word' id='word_1_340' title='bbox 1469 3055 1600 3099; x_wconf 79' lang='lat' dir='ltr'><strong>d&#39;une</strong></span> <span class='ocrx_word' id='word_1_341' title='bbox 1616 3056 1801 3149; x_wconf 49' lang='lat' dir='ltr'><strong>reusslgte</strong></span> <span class='ocrx_word' id='word_1_342' title='bbox 1815 3055 1920 3097; x_wconf 87' lang='lat' dir='ltr'><strong>bien</strong></span> <span class='ocrx_word' id='word_1_343' title='bbox 1934 3055 2162 3106; x_wconf 67' lang='lat' dir='ltr'><strong>domem,</strong></span> 
     </span>
     <span class='ocr_line' id='line_1_48' title="bbox 1276 3109 2162 3216; baseline 0.003 -15"><span class='ocrx_word' id='word_1_344' title='bbox 1276 3119 1387 3202; x_wconf 60' lang='lat'><strong>&lt;1222</strong></span> <span class='ocrx_word' id='word_1_345' title='bbox 1400 3109 1663 3204; x_wconf 55' lang='lat' dir='ltr'><strong>igesse‘ssffii·</strong></span> <span class='ocrx_word' id='word_1_346' title='bbox 1674 3109 2162 3216; x_wconf 49' lang='lat' dir='ltr'><strong>buaf’z‘f&#39;zsstefflffi·</strong></span> 
     </span>
    </p>

    <p class='ocr_par' dir='ltr' id='par_1_12' title="bbox 1328 3210 2167 3270">
     <span class='ocr_line' id='line_1_49' title="bbox 1328 3210 2167 3270; baseline -0.006 -10"><span class='ocrx_word' id='word_1_347' title='bbox 1328 3210 1374 3245; x_wconf 75' lang='lat'><strong>¹⁸</strong></span> <span class='ocrx_word' id='word_1_348' title='bbox 1405 3210 1581 3260; x_wconf 77' lang='lat' dir='ltr'><strong>Quarta</strong></span> <span class='ocrx_word' id='word_1_349' title='bbox 1624 3211 1795 3270; x_wconf 66' lang='lat' dir='ltr'><strong>vigilia.</strong></span> <span class='ocrx_word' id='word_1_350' title='bbox 1829 3212 1896 3255; x_wconf 81' lang='lat' dir='ltr'><strong>La</strong></span> <span class='ocrx_word' id='word_1_351' title='bbox 1925 3215 2026 3256; x_wconf 69' lang='lat' dir='ltr'><strong>nult</strong></span> <span class='ocrx_word' id='word_1_352' title='bbox 2055 3214 2167 3257; x_wconf 70' lang='lat' dir='ltr'><strong>etan</strong></span> 
     </span>
    </p>
   </div>
   <div class='ocr_carea' id='block_1_9' title="bbox 1305 3263 2261 3321">
    <p class='ocr_par' dir='ltr' id='par_1_13' title="bbox 1305 3263 2261 3321">
     <span class='ocr_line' id='line_1_50' title="bbox 1305 3263 2261 3321; baseline 0.002 -14"><span class='ocrx_word' id='word_1_353' title='bbox 1305 3263 1481 3319; x_wconf 73' lang='lat' dir='ltr'><strong>artagee</strong></span> <span class='ocrx_word' id='word_1_354' title='bbox 1511 3278 1569 3308; x_wconf 89' lang='lat' dir='ltr'><strong>en</strong></span> <span class='ocrx_word' id='word_1_355' title='bbox 1592 3271 1747 3321; x_wconf 72' lang='lat' dir='ltr'><strong>quatre</strong></span> <span class='ocrx_word' id='word_1_356' title='bbox 1773 3264 1942 3315; x_wconf 68' lang='lat' dir='ltr'><strong>ncilla,</strong></span> <span class='ocrx_word' id='word_1_357' title='bbox 1969 3266 2165 3310; x_wconf 70' lang='lat' dir='ltr'><strong>chamna</strong></span> <span class='ocrx_word' id='word_1_358' title='bbox 2256 3273 2261 3278; x_wconf 88' lang='grc'><em>·</em></span> 
     </span>
    </p>
   </div>
   <div class='ocr_carea' id='block_1_10' title="bbox 1272 3276 2167 3636">
    <p class='ocr_par' dir='ltr' id='par_1_14' title="bbox 1272 3276 2167 3636">
     <span class='ocr_line' id='line_1_51' title="bbox 1273 3276 2167 3373; baseline 0.002 -13"><span class='ocrx_word' id='word_1_359' title='bbox 1273 3276 1331 3360; x_wconf 61' lang='lat'><strong>{0</strong></span> <span class='ocrx_word' id='word_1_360' title='bbox 1349 3318 1458 3361; x_wconf 80' lang='lat' dir='ltr'><strong>trois</strong></span> <span class='ocrx_word' id='word_1_361' title='bbox 1486 3317 1662 3373; x_wconf 76' lang='lat' dir='ltr'><strong>beares,</strong></span> <span class='ocrx_word' id='word_1_362' title='bbox 1690 3320 1800 3361; x_wconf 80' lang='lat' dir='ltr'><strong>dont</strong></span> <span class='ocrx_word' id='word_1_363' title='bbox 1823 3319 1869 3361; x_wconf 85' lang='lat' dir='ltr'><strong>la</strong></span> <span class='ocrx_word' id='word_1_364' title='bbox 1895 3318 2031 3362; x_wconf 76' lang='lat' dir='ltr'><strong>dureo</strong></span> <span class='ocrx_word' id='word_1_365' title='bbox 2054 3318 2167 3362; x_wconf 59' lang='lat' dir='ltr'><strong>&amp;tait</strong></span> 
     </span>
     <span class='ocr_line' id='line_1_52' title="bbox 1275 3370 2167 3442; baseline 0 -28"><span class='ocrx_word' id='word_1_366' title='bbox 1275 3370 1374 3424; x_wconf 81' lang='lat' dir='ltr'><strong>plus</strong></span> <span class='ocrx_word' id='word_1_367' title='bbox 1393 3383 1452 3415; x_wconf 89' lang='lat' dir='ltr'><strong>ou</strong></span> <span class='ocrx_word' id='word_1_368' title='bbox 1467 3372 1612 3414; x_wconf 85' lang='lat' dir='ltr'><strong>moins</strong></span> <span class='ocrx_word' id='word_1_369' title='bbox 1629 3373 1792 3442; x_wconf 58' lang='lat' dir='ltr'><strong>longue</strong></span> <span class='ocrx_word' id='word_1_370' title='bbox 1810 3373 1934 3435; x_wconf 71' lang='lat' dir='ltr'><strong>selon</strong></span> <span class='ocrx_word' id='word_1_371' title='bbox 1955 3373 2021 3414; x_wconf 77' lang='lat' dir='ltr'><strong>tes</strong></span> <span class='ocrx_word' id='word_1_372' title='bbox 2039 3371 2167 3414; x_wconf 62' lang='lat' dir='ltr'><strong>diffe-</strong></span> 
     </span>
     <span class='ocr_line' id='line_1_53' title="bbox 1272 3425 1887 3467; baseline -0.002 -1"><span class='ocrx_word' id='word_1_373' title='bbox 1272 3429 1425 3466; x_wconf 82' lang='lat' dir='ltr'><strong>rentes</strong></span> <span class='ocrx_word' id='word_1_374' title='bbox 1442 3425 1615 3467; x_wconf 79' lang='lat' dir='ltr'><strong>saisous</strong></span> <span class='ocrx_word' id='word_1_375' title='bbox 1632 3425 1689 3467; x_wconf 82' lang='lat' dir='ltr'><strong>de</strong></span> <span class='ocrx_word' id='word_1_376' title='bbox 1701 3425 1720 3464; x_wconf 88' lang='lat' dir='ltr'><strong>l</strong></span> <span class='ocrx_word' id='word_1_377' title='bbox 1731 3432 1887 3467; x_wconf 67' lang='lat' dir='ltr'><strong>annee.</strong></span> 
     </span>
     <span class='ocr_line' id='line_1_54' title="bbox 1327 3474 2135 3527; baseline 0.001 -9"><span class='ocrx_word' id='word_1_378' title='bbox 1327 3475 1375 3509; x_wconf 55' lang='grc' dir='ltr'><strong>’ὅ</strong></span> <span class='ocrx_word' id='word_1_379' title='bbox 1402 3474 1600 3527; x_wconf 78' lang='lat' dir='ltr'><strong>Movere,</strong></span> <span class='ocrx_word' id='word_1_380' title='bbox 1623 3483 1946 3522; x_wconf 79' lang='lat' dir='ltr'><strong>sous-entendu</strong></span> <span class='ocrx_word' id='word_1_381' title='bbox 1969 3483 2135 3519; x_wconf 67' lang='lat' dir='ltr'><strong>castra·</strong></span> 
     </span>
     <span class='ocr_line' id='line_1_55' title="bbox 1326 3525 2165 3582; baseline 0.001 -14"><span class='ocrx_word' id='word_1_382' title='bbox 1326 3527 1373 3560; x_wconf 76' lang='lat'><strong>²⁵</strong></span> <span class='ocrx_word' id='word_1_383' title='bbox 1405 3528 1662 3582; x_wconf 73' lang='lat' dir='ltr'><strong>Intercepta</strong></span> <span class='ocrx_word' id='word_1_384' title='bbox 1675 3558 1687 3578; x_wconf 91' lang='lat'>‚</span> <span class='ocrx_word' id='word_1_385' title='bbox 1723 3527 1993 3570; x_wconf 65' lang='lat' dir='ltr'><strong>c&#39;est-h-dire</strong></span> <span class='ocrx_word' id='word_1_386' title='bbox 2030 3525 2165 3570; x_wconf 71' lang='lat' dir='ltr'><strong>hosti-</strong></span> 
     </span>
     <span class='ocr_line' id='line_1_56' title="bbox 1276 3578 1929 3636; baseline -0.002 -13"><span class='ocrx_word' id='word_1_387' title='bbox 1276 3578 1356 3623; x_wconf 69' lang='lat' dir='ltr'><strong>bus</strong></span> <span class='ocrx_word' id='word_1_388' title='bbox 1369 3582 1590 3636; x_wconf 63' lang='lat' dir='ltr'><strong>prerepto</strong></span> <span class='ocrx_word' id='word_1_389' title='bbox 1609 3583 1650 3624; x_wconf 73' lang='lat' dir='ltr'><strong>et</strong></span> <span class='ocrx_word' id='word_1_390' title='bbox 1664 3580 1929 3624; x_wconf 65' lang='lat' dir='ltr'><strong>intercluso.</strong></span> 
     </span>
    </p>
   </div>
  </div>
 </body>
</html>
