2525 3984
0 2357 11 2687 —rr———eqssff-rss2ss2v2
1 2163 2 2166 „
6 2118 9 2119 Ἰ

108 2480 118 2491 9
118 2258 121 2259 ,

321 142 396 201 74
961 134 1262 194 NARRAT
1271 134 1513 195 lONES.

321 269 513 347 ltaque
529 307 551 338 ,
590 284 691 324 rex
736 261 1020 323 haerebat'
1066 258 1247 340 magis
1296 278 1470 341 quam
1505 257 1687 319 stabat
1721 255 1783 317 in
1819 263 2077 340 margine
2094 263 2161 336 ¹⁶,

320 347 511 434 clypeo
559 341 812 423 undique
854 338 1162 401 incidentia
1200 339 1312 399 tela
1354 359 1458 419 pro
1499 339 1723 414 ulsans3
1774 357 1912 398 nam
1950 339 2164 422 ubique

318 443 542 484 emmus
563 442 632 483 ex
651 419 904 483 turribus
917 417 1233 500 petebatur.
1254 419 1372 478 Nec
1389 438 1415 478 s
1497 416 1580 478 ire
1595 419 1636 467 ³¹
1655 415 1865 478 milites
1877 426 2162 498 poterant,

375 502 452 563 iia
489 520 729 582 superne
761 498 817 560 vi
850 501 1094 561 telorum
1128 495 1532 558 obruebantur.
1574 497 1829 558 Tandem
1866 498 2165 579 magnitu-

315 523 511 642 dinem
543 577 779 672 periculi
813 577 999 661 pudor
1024 575 1197 653 vicit,
1225 574 1439 659 quippe
1471 575 1775 638 cernebant
1808 578 2164 641 cunctatione

318 681 419 721 sua
432 659 561 721 ded1
575 657 831 720 hostibus
843 677 1060 739 regem.
1076 655 1187 719 Sed
1204 654 1519 718 festinando
1533 656 1906 718 morabantur
1918 656 2127 720 auxilia
2140 676 2159 721 τ

318 759 452 801 nam
480 738 621 801 dum
651 758 754 820 pro
777 758 835 800 se
863 737 1101 820 quisque
1134 742 1311 798 certat
1345 735 1603 812 evadere,
1630 755 1930 799 oneravere
1963 739 2163 814 scalas,

355 819 476 880 ucis
515 839 631 880 non
669 815 1081 880 sufficientibus
1097 819 1165 892 ¹¹,
1199 813 1490 893 devoluti,
1538 815 1769 878 unicam
1812 837 1972 907 spem
2016 837 2077 877 re
2116 816 2165 880 is

340 899 636 959 efellemnt
663 895 888 959 :stabat
917 894 1074 958 enim
1095 894 1157 955 in
1178 902 1482 976 conspectu
1507 893 1648 957 tanti
1670 902 1947 957 exerc1tus
1957 942 1979 973 ,
2010 917 2076 957 ve
2098 905 2167 957 ut

317 976 376 1037 in
413 975 715 1039 solitudine
741 975 1063 1038 destitutus.
1108 976 1348 1056 Jamque
1389 976 1614 1052 laevam,
1651 994 1765 1057 qua
1803 976 2065 1056 clypeum
2087 976 2162 1036 ad

318 1055 461 1118 ictus
499 1054 971 1131 circumferebat,
1000 1056 1335 1133 lassaverat,
1363 1054 1740 1117 clamantibus
1774 1054 1972 1116 amicis
2000 1062 2066 1116 ut
2093 1054 2164 1115 ad

317 1133 467 1215 ipsos
499 1132 772 1211 desiliret,
807 1133 1140 1216 stabantque
1174 1134 1500 1225 excepturi3
1540 1154 1723 1216 quum
1760 1132 1853 1195 ille
1879 1153 2050 1195 ausus
2079 1145 2166 1195 est

317 1233 441 1274 rem
483 1211 873 1275 incredibilem
915 1220 1086 1295 atque
1134 1212 1451 1275 inaud1tam
1466 1257 1489 1291 ,
1531 1215 1824 1296 multoque
1865 1212 2044 1296 magis
2094 1214 2164 1273 ad

319 1292 530 1354 famam
573 1291 906 1355 temeritatis
959 1313 1133 1375 quam
1188 1291 1381 1373 gloriae
1435 1291 1738 1386 insignem.
1794 1295 2051 1375 Namque
2103 1293 2164 1353 in

319 1371 523 1432 urbem
537 1371 606 1450 ¹⁸,
680 1371 933 1434 hostium
999 1373 1226 1453 plenam
1303 1372 1580 1455 praecipiti
1652 1375 1799 1436 saltu
1870 1372 2165 1453 semetipse

317 1448 559 1512 immisit
584 1468 601 1514 t
626 1472 807 1534 quum
829 1450 922 1513 vix
940 1471 1164 1533 sperare
1191 1461 1378 1533 posset
1401 1451 1771 1514 dimicantem
1794 1461 1943 1513 certe
1967 1460 2024 1513 et
2049 1472 2165 1512 non

316 1528 566 1592 inultum
601 1550 722 1592 esse
753 1530 1101 1593 moriturum
1136 1549 1153 1593 ε
1194 1530 1405 1672 quipse
1421 1577 1442 1608 ,
1479 1539 1784 1614 antequam
1819 1539 2164 1612 assurgeret,

316 1607 562 1690 opprimi
585 1618 803 1692 poterat
825 1618 882 1672 et
902 1609 1026 1692 capi
1046 1609 1229 1672 vivus.
1260 1612 1332 1673 Se
1406 1613 1551 1674 forte
1594 1611 1676 1674 ita
1716 1610 2018 1673 libraverat
2044 1630 2167 1672 cor-

315 1709 447 1770 puS,
470 1696 535 1750 ut
568 1710 626 1751 se
647 1689 885 1772 pedibus
916 1689 1256 1832 exc}peret¹‘
1293 1708 1309 1752 ε
1342 1691 1420 1753 ita
1459 1711 1556 1768 ue,
1588 1699 1740 1754 stans
1760 1690 1868 1752 init
1888 1710 2164 1772 pugnam,

316 1775 372 1830 et
398 1789 470 1831 ne
490 1767 780 1832 circumiri
812 1778 995 1852 posset
1037 1778 1244 1832 ortuna
1263 1770 1423 1853 provi
1463 1778 1605 1833 erat.

394 1850 628 1911 Vetusta
657 1848 849 1928 arbor,
883 1848 1039 1912 haud
1073 1851 1269 1931 procul
1308 1869 1500 1928 muro,
1522 1869 1710 1912 ramos
1748 1853 1932 1912 multa
1965 1850 2166 1913 fronde

318 1926 543 1989 vestitos
582 1929 735 1990 velut
774 1929 845 1992 de
890 1927 1170 1991 industria
1208 1949 1403 2011 regem
1448 1939 1607 2012 prote
1644 1938 1814 1992 entes·
1842 1929 2163 2011 objecerat;

315 2006 488 2088 hujus
502 2006 743 2089 spatioso
763 2007 940 2089 stipiti
959 2028 1164 2090 corpus
1175 2013 1271 2101 [ne
1284 2009 1605 2072 circumiri¹
1648 2013 1855 2102 posset]
1868 2008 2163 2090 applicuit,

234 2090 239 2093 ‘
319 2087 511 2166 clypeo
545 2087 655 2147 tela
695 2106 822 2168 quae
863 2108 931 2149 ex
970 2087 1201 2150 adverso
1233 2089 1639 2171 mgerebantur
1676 2110 1980 2172 excipiens.
2018 2090 2164 2151 Nam

210 2196 213 2197 ν
318 2183 499 2245 quum
548 2184 734 2227 unum
788 2168 985 2248 procul
1041 2175 1121 2228 tot
1174 2188 1382 2230 manus
1420 2177 1712 2260 peterent,
1757 2189 1926 2231 nemo
1973 2172 2165 2231 tamen

317 2241 560 2332 audebat
572 2243 803 2325 propius
823 2246 1084 2308 accedere
1107 2264 1124 2310 ε
1147 2244 1387 2309 missilia
1404 2267 1579 2309 ramis
1596 2249 1761 2329 plura
1777 2268 1951 2330 quam
1970 2249 2165 2340 clypeo

318 2319 662 2384 incldebant.
693 2325 987 2406 Pugnabat
1025 2347 1130 2408 pro
1164 2346 1296 2408 rege
1331 2325 1589 2408 primum
1621 2326 1887 2389 celebrati
1914 2327 2163 2388 nommis

319 2400 496 2491 fama,
516 2401 719 2465 deinde
749 2404 1096 2486 desperatio,
1132 2426 1193 2467 m
1307 2427 1411 2468 um
1436 2408 1509 2470 ad
1536 2408 1768 2469 honeste
1803 2405 2164 2469 moriendum

317 2479 777 2544 incitamentum.
821 2483 931 2546 Sed
964 2505 1148 2568 quum
1183 2507 1210 2547 s
1293 2485 1426 2549 inde
1458 2486 1636 2549 hostis
1668 2489 1925 2550 afflueret
1943 2488 2013 2563 ¹⁸,
2043 2486 2165 2567 jam

317 2559 608 2642 ingentem
634 2562 753 2625 vim
788 2564 1031 2626 telorum
1060 2573 1353 2646 exceperat
1384 2567 1606 2649 clypeo,
1626 2567 1748 2648 jam
1782 2568 2001 2647 galeam
2035 2585 2166 2627 saxa

317 2642 723 2781 perfregerant,
739 2642 862 2725 jam
882 2644 1151 2706 continuo
1164 2645 1357 2709 labore
1376 2647 1569 2728 gravia
1586 2666 1770 2727 genua
1788 2645 2161 2706 succiderant.

346 2728 511 2802 taque
531 2722 904 2814 contemptim
929 2732 986 2785 et
1022 2723 1247 2786 incaute
1273 2725 1373 2808 qui
1403 2725 1644 2808 proximi
1668 2732 1935 2787 steterant
1961 2724 2166 2785 incur-

317 2807 516 2888 rerunt
550 2818 568 2862 ε
608 2820 640 2862 e
680 2804 889 2884 quibus
920 2802 1064 2866 duos
1104 2802 1291 2886 gladio
1324 2804 1407 2868 ita
1442 2804 1660 2886 excepit
1701 2815 1765 2866 ut
1804 2812 1934 2865 ante
1973 2803 2164 2885 ipsum

318 2896 602 2967 exanimes
655 2882 1129 2961 procumberent3
1194 2903 1298 2945 nec
1356 2883 1626 2967 cuiquam
1679 2883 1885 2951 deinde
1935 2880 2165 2974 propius

318 2962 774 3019 lnoessendieum
788 2959 1014 3024 animus
1029 2961 1138 3025 fuit
1161 2979 1179 3025 ε
1203 2965 1401 3045 procul
1411 2964 1600 3045 jacula
1619 2963 1958 3046 sagittasque
1978 2969 2166 3026 mltte-

370 3114 392 3149 ὓ
419 3112 648 3168 florebat,
671 3131 695 3157 ι
718 3130 768 3164 ιο
788 3124 1104 3174 cramponnait.
1131 3137 1155 3163 ›
1266 3120 1408 3172 asbus,
1430 3128 1517 3167 etc.
1577 3137 1600 3162 ι
1619 3123 1652 3166 il
1675 3124 1795 3166 avait
1816 3124 2012 3179 imprimis
2038 3121 2065 3165 ὰ
2083 3132 2161 3164 son

371 3167 417 3202 ¹⁰
412 3168 517 3265 ailffe
540 3170 761 3268 quqaeigtg.
799 3185 823 3211 ι
846 3184 903 3216 au
919 3174 1046 3268 tbord
1076 3176 1133 3219 de
1165 3175 1213 3220 la
1263 3187 1394 3272 goi-ps
1422 3188 1484 3218 un
1514 3153 1831 3273 ὗῗᾰὲἲοηωεηι
1847 3179 1910 3220 tel
1934 3176 2037 3230 qu·ss
2053 3178 2144 3217 tom

318 3232 417 3358 mi}
442 3253 618 3337 Sabin.
643 3291 665 3316 ‹
682 3237 1110 3341 moggffielffissaut.
1133 3294 1155 3319 ι
1298 3240 1714 3328 αίῖιπΝεξὲὶξσῖιπιές-’ἰ
1730 3289 1888 3338 posset.
1904 3278 2159 3334 Repentina

449 3326 583 3375 Quen
596 3341 684 3372 non
694 3330 1219 3389 suffimentibtoesscelles-
1272 3335 1447 3379 oiseuse
1475 3336 1550 3391 qut
1574 3348 1625 3380 se
1655 3347 1758 3379 sera
1779 3335 2021 3378 introduite
2050 3331 2161 3374 dans

319 3381 358 3424 ei
376 3384 542 3424 venant
561 3380 589 3425 a
607 3381 738 3428 ceder
754 3397 857 3429 sous
872 3387 917 3430 le
933 3387 1077 3441 poids.
1095 3400 1117 3425 ι
1270 3387 1316 3430 le
1342 3394 1477 3432 texte.

320 3429 422 3529 ..a
444 3431 683 3531 {arm-
718 3449 830 3534 εἰςιν
864 3438 916 3480 ⁶³
959 3449 1122 3483 w·
1150 3438 1219 3482 a
1272 3439 1371 3531 :⁶
1563 3438 1747 3535 muns
1772 3436 1919 3535 Ἥ
1942 3432 2167 3534 aava

374 3534 419 3571 ί*
451 3536 523 3583 lta
541 3501 794 3587 libr-'mirae
809 3520 984 3599 corpus,
1011 3547 1063 3588 ut
1077 3557 1122 3588 se
1133 3556 1217 3600 pe-
1270 3506 1522 3600 grggsti'sffit
1539 3505 1829 3590 girlisotlzilntrzn
1850 3546 2036 3589 instant.
2059 3556 2084 3583 ι
