2525 3984
1015 234 1572 293 NARRATIONES.
2102 234 2218 289 319

378 378 574 430 uuum
589 368 634 401 ¹²
653 367 814 427 festos
828 365 946 429 dies
968 367 1117 448 apud
1139 365 1304 429 Baias
1314 369 1361 404 ²⁸
1379 365 1461 427 fre
1542 364 1792 426 entabat.
1815 364 1957 423 Illuc
1980 369 2219 423 matrem

374 445 527 509 elicit
543 446 613 521 ²⁸,
638 446 896 508 ferendas
918 455 1218 528 parentum
1253 446 1453 507 iracun
1494 466 1599 521 ias,
1633 453 1689 505 et
1727 443 2066 524 placandum
2091 440 2214 502 ani·-

376 528 588 585 mum²⁸
596 524 859 587 dictitans
863 572 884 602 ,
896 546 1009 616 quo
1017 546 1315 587 rumorem
1326 523 1794 586 reconciliationis
1806 524 2052 586 efficeret
2056 519 2222 597 ,acci-

414 613 638 686 eretque
678 605 1031 687 Agrippina,
1059 603 1210 666 facili
1234 604 1582 665 feminarum
1603 602 1931 662 credulitate
1967 601 2036 663 ad
2075 620 2223 683 gau-

414 684 468 746 ia
480 685 551 745 ¹⁸.
573 670 910 746 Venientem
942 683 1174 761 dehinc,
1203 683 1402 746 obvius
1429 682 1491 743 in
1519 681 1709 742 littora
1734 683 1779 717 ’⁷
1807 684 1963 758 (nam
1989 680 2160 742 Antio
2176 682 2224 717 ’⁸

371 762 730 844 adventabat)
750 763 958 846 excipit
978 784 1153 825 manu
1175 771 1232 826 et
1258 763 1579 843 complexu,
1605 759 1872 842 ducitque
1905 762 2108 821 Baulos
2124 761 2170 796 ²⁹
2201 778 2218 821 ε

372 842 432 902 id
463 842 609 903 villae
631 863 838 904 nomen
866 852 973 920 est,
1010 863 1135 926 quae
1149 888 1171 921 ,
1198 841 1655 926 promontorium
1689 841 1971 900 Misenum
1997 838 2145 899 inter
2171 850 2224 899 et

376 919 655 983 Baianum
693 922 906 1000 lacum,
951 923 1096 984 flexo
1137 922 1292 985 mari.
1325 921 1638 985 alluitur⁸⁰.
1669 920 1866 982 Stabat
1900 918 2050 980 inter
2086 918 2223 980 alias

375 1000 532 1061 navis
558 1000 834 1077 ornatior,
866 1012 1137 1084 tanquam
1163 1002 1222 1063 id
1248 1022 1472 1085 quoque
1492 1000 1693 1061 honori
1719 997 1917 1061 matris
1944 997 2171 1060 daretur
2203 1017 2219 1060 ε

373 1078 584 1169 quippe
611 1089 868 1142 sueverat
892 1081 1141 1159 triremi,
1172 1090 1228 1144 et
1261 1079 1679 1144 classiariorum
1714 1078 1953 1159 remigio
1972 1077 2129 1152 vehi,
2159 1098 2225 1139 ac

375 1165 498 1218 tum
522 1158 755 1221 invitata
769 1160 835 1222 ad
858 1164 1051 1243 epulas
1070 1169 1213 1238 erat,
1238 1170 1303 1222 ut
1326 1160 1658 1223 occultando
1679 1158 1914 1221 facinori
1933 1178 2045 1219 nox
2063 1157 2225 1218 adhi-

372 1236 620 1300 beretur.
653 1239 802 1301 Satis
835 1241 1086 1306 constitit
1118 1241 1391 1304 exstitisse
1431 1240 1811 1322 proditorem,
1854 1246 1910 1300 et
1948 1236 2225 1326 Agrippi-

374 1336 533 1394 nam,
569 1318 776 1381 auditis
803 1320 1047 1397 insidiis,
1080 1343 1154 1384 an
1183 1321 1434 1384 crederet
1466 1319 1882 1402 ambiguam⁸¹,
1913 1326 2223 1400 gestamme

373 1398 521 1458 sellae
547 1398 713 1460 Baias
741 1409 1085 1479 pervectam.
1130 1400 1216 1461 Ibi
1256 1399 1715 1462 blandimentum
1749 1397 2058 1459 sublevavit
2094 1416 2225 1456 me·-

373 1483 501 1535 tum
529 1492 546 1536 z
578 1476 815 1538 comiter
842 1487 1104 1559 excepta,
1149 1498 1428 1559 superque
1460 1478 1650 1557 ipsum
1680 1480 1947 1538 collocata
1958 1479 2029 1536 ⁸⁸.
2076 1477 2223 1536 Nam

373 1554 632 1634 pluribus
665 1556 1048 1633 sermonibuS,
1083 1556 1253 1620 modo
1297 1556 1679 1617 familiaritate
1700 1555 1938 1634 juvenili
1967 1558 2139 1628 Nero,
2170 1566 2222 1615 et

374 1653 572 1694 rursus
599 1633 877 1696 adductus
892 1639 964 1712 ³³,
1005 1635 1167 1718 quasi
1209 1634 1355 1697 seria
1394 1634 1760 1710 consociaret,
1803 1642 1977 1695 tracto
2007 1634 2066 1693 in
2106 1635 2226 1694 lon-

373 1732 512 1792 gum
555 1713 817 1775 convictu
839 1715 912 1791 ⁸⁸,
956 1714 1319 1798 prosequitur
1365 1714 1694 1789 abeuntem,
1732 1713 1911 1774 artius
1952 1712 2127 1775 oculis
2170 1721 2226 1773 et

373 1792 586 1871 pectori
610 1794 831 1855 haerens
845 1795 919 1870 ⁸⁵,
954 1795 1071 1856 sive
1092 1794 1366 1875 explenda
1400 1792 1793 1869 simulatione,
1832 1814 1926 1855 scu
1958 1790 2225 1873 periturae

375 1872 574 2010 mztris
609 1893 910 1955 supremus
935 1874 1256 1955 adspectuS,
1288 1873 1547 1955 quamvis
1577 1873 1765 1934 ferum
1798 1872 2059 1935 animum
2082 1870 2225 1932 reti-

373 1970 445 2011 ne
486 1959 564 2011 at.

455 2032 693 2092 Noctem
731 2032 1011 2094 sideribus
1049 2032 1358 2110 illustrem,
1401 2042 1456 2095 et
1494 2032 1715 2115 placido
1755 2039 1901 2094 mari
1948 2032 2224 2114 quietam,

375 2108 533 2188 quasi
564 2110 1013 2173 convincendum
1040 2112 1111 2174 ad
1145 2114 1353 2190 scelus,
1388 2113 1466 2174 dii
1490 2112 1799 2195 praebue're.
1827 2114 1877 2173 N
1880 2133 1942 2174 ec
1974 2114 2220 2173 multum

375 2196 494 2249 erat
521 2210 813 2271 progressa
833 2192 1016 2269 navis,
1043 2192 1265 2254 duobus
1297 2214 1329 2255 e
1356 2215 1598 2255 numero
1622 2192 1990 2255 familiarium
2009 2191 2224 2272 Agrip-

375 2265 571 2347 pinam
592 2270 994 2333 comitantibus
1024 2294 1044 2332 .·
1072 2292 1140 2334 ex
1163 2272 1290 2355 quis
1316 2273 1647 2356 Crepereius
1675 2275 1868 2335 Gallus
1902 2272 2055 2333 haud
2084 2293 2224 2352 pro-

377 2348 466 2407 cul
499 2349 895 2430 gubernaculis
922 2352 1198 2414 adstabat.
1223 2354 1533 2415 Acerronia
1551 2374 1720 2434 super
1738 2352 1905 2434 pedes
1926 2350 2222 2414 cubitantis

429 2511 478 2544 ²²
510 2511 891 2571 Quinquatruum.
925 2517 1014 2562 Les
1048 2519 1275 2575 Quinqua-
1330 2523 1515 2567 sachant
1532 2523 1571 2566 si
1588 2525 1683 2566 elle
1694 2524 1845 2566 devait
1909 2522 2064 2567 croire.
2081 2534 2105 2559 »

379 2566 486 2608 tries
517 2566 688 2630 etaient
715 2582 804 2613 une
834 2570 924 2614 sete
953 2584 1009 2614 en
1044 2573 1276 2617 l’honneur
1384 2575 1430 2609 δ’
1455 2576 1606 2631 Super
1631 2576 1776 2630 iprum
1804 2588 1856 2617 eo
1881 2578 2043 2625 locata,
2079 2586 2102 2609 ‹
2123 2573 2158 2617 ll
2178 2574 2224 2616 la

380 2619 437 2661 de
471 2618 686 2684 Minox-ve.
722 2622 916 2667 D’abord
945 2630 1062 2669 cette
1093 2626 1183 2669 sete
1215 2640 1278 2670 ne
1329 2631 1381 2672 fit
1403 2629 1552 2683 placer
1569 2628 1597 2671 ὸ,
1615 2630 1735 2670 table
1760 2630 1991 2671 au-dessus
2018 2629 2074 2671 de
2092 2628 2179 2678 aui,
2199 2642 2222 2666 »

380 2671 523 2715 durait
542 2672 671 2727 qu'un
695 2676 822 2729 joui-3
852 2679 963 2719 mais
990 2682 1165 2724 ensuite
1187 2681 1276 2722 elle
1332 2680 1359 2724 a
1374 2684 1419 2724 la
1436 2683 1561 2736 place
1581 2681 1827 2723 d'honneur
1844 2679 1887 2732 (ὲ,
1903 2682 1949 2723 la
1972 2678 2062 2723 tete
2089 2681 2151 2722 du
2170 2680 2224 2721 lit

380 2735 437 2788 ep
469 2725 577 2769 dura
606 2730 709 2782 cinq
745 2742 757 2771 ε
789 2730 895 2774 c‘est
924 2729 982 2772 de
1013 2731 1059 2774 la
1092 2744 1177 2786 que
1212 2733 1278 2775 lui
1331 2736 1387 2776 de
1405 2733 1558 2786 table).
1581 2732 1697 2785 Voy.
1720 2745 1831 2786 page
1850 2735 1943 2781 224,
1962 2739 2069 2775 note
2086 2734 2154 2775 40.

380 2783 501 2821 nent
519 2792 600 2822 son
619 2793 738 2823 nom.
1386 2785 1432 2819 88
1461 2785 1637 2829 Rursus
1656 2784 1889 2833 adductus,
1919 2801 1940 2824 ‹
1959 2788 2057 2839 puis
2074 2797 2223 2839 repre-

432 2828 480 2864 ¹3
506 2832 658 2880 Baias,
682 2845 704 2870 ι
724 2833 873 2886 Baies,
894 2849 918 2875 ›
950 2836 1038 2889 auj.
1074 2833 1201 2891 BaJa,
1221 2849 1278 2880 au
1330 2844 1441 2882 nant
1460 2851 1521 2881 un
1552 2839 1617 2880 air
1646 2838 1702 2880 de
1734 2840 1914 2891 gravite.
1937 2854 1958 2878 ›
1989 2839 2057 2881 La
2085 2839 2223 2881 me'ta-

378 2880 505 2929 s.-0.
529 2886 586 2928 de
604 2885 787 2939 Naples..
1331 2893 1469 2946 phore
1506 2890 1723 2933 adductus
1756 2897 1825 2934 est
1867 2891 2123 2945 empruntee
2168 2902 2223 2933 au

432 2935 481 2969 ²*
512 2935 665 2990 Elicit,
683 2951 709 2976 εἸ
723 2941 755 2982 il
771 2952 804 2993 y
821 2941 969 2985 attire.
987 2955 1011 2981 ³
1332 2947 1450 2988 front
1465 2946 1540 2999 qui
1557 2957 1606 2987 se
1623 2949 1847 2988 contracte
1866 2946 1976 2988 dans
1993 2941 2222 2987 le‘serieux

434 2988 480 3022 ’ὦ
510 2990 733 3043 Animum,
749 2995 1072 3039 sous-entendu
1089 3006 1230 3041 suum.
1332 3003 1380 3042 et
1398 2999 1443 3040 la
1462 2995 1676 3041 tristesse.
1713 2998 1842 3041 Stace
1868 3010 1897 3041 a
1922 3000 1987 3041 dit
2009 3000 2087 3042 des
2104 2999 2221 3040 lions

434 3040 477 3075 2⁶
510 3043 783 3106 :go-edulitate
809 3045 870 3089 ad
894 3048 1080 3102 gaudia,
1108 3062 1135 3092 ι
1152 3054 1271 3093 cette
1332 3053 1389 3095 de
1407 3049 1788 3106 Domitien(Silves
1824 3064 1940 3094 :-...
1956 3051 2222 3091 'rotasduxere

387 3094 594 3139 credulita
612 3098 669 3139 de
686 3099 731 3141 la
740 3100 852 3153 joie,
872 3107 988 3144 cette
1007 3103 1274 3157 disposition
1334 3104 1377 3145 in
1406 3105 1549 3144 lumina
1580 3105 1739 3146 frontes.
1802 3117 1875 3157 oy.
1904 3117 1976 3147 sur
2005 3109 2103 3147 tout
2128 3104 2222 3147 ceci

388 3145 413 3188 a
427 3150 566 3191 croire
580 3161 665 3211 aux
680 3152 837 3213 clauses
853 3153 1096 3207 agreables.
1117 3172 1140 3196 >
1331 3157 1400 3203 les
1418 3158 1562 3201 beaux
1579 3169 1678 3201 vers
1699 3159 1755 3201 de
1776 3157 2085 3208 Britannicus,
2108 3168 2154 3207 v,
2176 3156 2217 3198 3.

438 3198 483 3233 ²⁷
515 3200 678 3244 obmus
697 3216 746 3245 m
764 3203 942 3255 littora,
966 3222 987 3245 ‹
1004 3208 1143 3252 auant
1170 3208 1198 3253 a
1225 3221 1276 3253 sa
1384 3209 1431 3248 8⁴
1463 3211 1694 3260 convictu,
1719 3223 1741 3248 ‹
1760 3212 1803 3253 le
1821 3213 1907 3253 ban
1941 3214 2030 3253 net.
2050 3224 2066 3251 x

385 3261 618 3297 rencontre
636 3258 680 3298 le
697 3257 805 3312 long
826 3260 907 3302 des
923 3259 1061 3303 cotes.
1084 3276 1105 3300 ι
1384 3261 1432 3297 ⁸⁸
1461 3263 1615 3307 Oculis
1644 3266 1689 3306 et
1716 3264 1891 3320 pectori
2016 3272 2111 3311 ens,
2140 3271 2161 3297 ‹
2178 3261 2223 3304 la

437 3303 483 3387 {8
511 3309 672 3352 Antio.
694 3309 807 3363 voy.
829 3313 929 3365 plus
946 3313 1069 3366 hant,
1088 3315 1245 3359 note9.
1331 3322 1489 3361 tenant
1504 3316 1790 3361 etroitement
1816 3315 1978 3367 senec,
2006 3326 2078 3356 ses
2106 3324 2224 3365 501¹!

460 3357 482 3390 ⁹
511 3358 699 3429 Bqulos.
723 3361 851 3408 Cette
870 3367 975 3408 villa
990 3369 1107 3411 avait
1123 3380 1280 3423 appar-
1332 3374 1486 3413 contre
1501 3370 1572 3413 les
1587 3382 1702 3424 yeux
1725 3372 1781 3413 de
1800 3382 1850 3412 sa
1867 3368 2001 3418 mere,
2023 3377 2104 3407 son
2122 3367 2219 3407 sein

388 3415 492 3453 tenu
513 3411 540 3454 a
557 3414 572 3455 l
586 3420 762 3458 orateur
779 3417 1062 3463 Hortensius.
1331 3427 1483 3467 contre
1500 3434 1581 3465 son
1601 3425 1714 3466 sein.
1731 3437 1752 3461 ι
1771 3422 1813 3465 N
1815 3433 1896 3463 ous
1911 3429 2154 3473 propossons
2169 3429 2221 3460 00

439 3461 485 3497 ³⁰
511 3463 654 3509 Fleoeo
681 3470 799 3511 mari
831 3470 1038 3520 alluitur,
1068 3486 1127 3515 m.
1155 3475 1185 3517 a
1213 3486 1273 3517 m.
1331 3488 1436 3519 sens
1447 3476 1775 3520 intermediaire
1786 3480 1913 3517 entre
1926 3471 2221 3522 l'explicafiffi

388 3521 490 3558 neat
503 3518 692 3573 baignee
707 3534 786 3574 par
798 3524 843 3565 la
855 3536 949 3566 mer
962 3527 1036 3577 qui
1052 3538 1101 3567 se
1115 3528 1277 3569 cour-be
1332 3527 1521 3581 adoptee
1551 3541 1631 3592 par
1658 3529 1725 3569 les
1747 3528 2019 3568 traducteurs
2040 3523 2219 3565 italien}

387 3577 444 3610 ω
461 3575 534 3613 eet
552 3574 728 3616 endroit
759 3588 782 3612 >
803 3578 878 3629 qui
892 3578 1030 3628 forme
1046 3590 1135 3621 une
1152 3591 1274 3622 anae.
1331 3580 1589 3632 Davanran,
1626 3580 1842 3628 Petruoei.
1890 3581 1937 3616 Εἴ
1969 3574 2080 3616 celle
2124 3574 2221 3627 ‘1¹²'¹⁸

440 3619 483 3655 ⁸¹
510 3618 594 3669 Διΐ
627 3605 833 3671 crederet
865 3627 1132 3685 ambiyuam,
1174 3643 1195 3668 ‹
1218 3644 1276 3673 ne
1334 3632 1509 3674 donnee
1526 3633 1590 3673 M.
1610 3630 1809 3673 Barnous
