2525 3984
1024 140 1073 197 Ν
1076 139 1460 201 ARRATION
1465 141 1576 201 Es.
2103 147 2217 207 287

377 272 687 334 oestimator
711 271 833 348 sui,
862 273 1141 335 celebrare
1207 292 1298 335 uae
1331 282 1574 353 gesserat
1611 284 1779 355 coepit
1796 319 1816 350 ,
1842 276 2025 365 gravis
2046 277 2221 340 etiam

319 400 326 403 ν
377 372 575 413 eorum
603 351 870 412 auribus⁸
892 352 990 433 qui
1021 351 1195 415 sentie
1236 353 1371 414 ant⁸
1400 374 1535 415 vera
1559 374 1888 415 memorari.
1917 355 2221 419 Silentium

382 442 569 492 tamen
589 431 835 492 habuere
858 431 1125 509 seniores,
1154 431 1358 509 donec,
1381 432 1629 513 Philippi
1651 455 1740 494 res
1762 454 1922 493 orsus
1943 435 2220 512 obterere,

378 510 628 572 nobilem
647 510 797 591 apud
821 512 1226 572 Chaeroneam⁸
1246 510 1544 573 victoriam
1566 512 1652 573 sui
1681 513 1865 602 operis
1899 513 2070 576 fuisse
2093 516 2224 596 jac-

379 590 536 660 tavit,
564 589 1000 671 ademptamque
1029 589 1134 651 sibi
1156 590 1507 672 malignitate
1536 600 1591 652 et
1620 590 1832 652 invidia
1858 593 2032 672 patris
2056 601 2222 657 tantoe

378 669 458 730 rei
482 669 721 751 gloriam
745 688 760 731 ε
785 670 950 730 illum
969 670 1225 752 quidem,
1247 670 1519 731 seditione
1542 669 1689 731 inter
1712 672 2036 733 Macedones
2059 673 2222 734 mili-

379 758 460 810 tes
480 756 536 810 et
557 749 781 811 Graecos
810 750 1187 813 mercenarios
1220 761 1375 826 orta,
1405 749 1764 810 debilitatum
1791 752 2046 827 vulnere,
2070 753 2221 833 quod

321 843 326 847 ·
376 827 439 889 in
465 848 530 890 ea
557 828 1384 910 consternatione“acceperat,
1407 829 1672 910 jacuisse,
1703 850 1818 890 non
1846 829 2017 891 alias⁷
2047 828 2218 912 quam

378 908 740 969 simulatione
785 908 985 972 mortis
1027 909 1297 970 tutiorem
1310 925 1335 986 -3
1379 929 1437 969 se
1486 929 1687 988 corpus
1738 908 1860 988 ejus
1918 911 2222 989 protexisse

378 990 573 1068 clypeo
607 1008 733 1064 suo,
774 997 1109 1070 ruentesque
1150 987 1210 1048 in
1254 987 1419 1048 illum
1454 1008 1557 1049 sua
1592 1008 1767 1048 manu
1807 987 2052 1066 occisos3
2096 1010 2223 1070 quae

380 1075 598 1146 patrem
641 1087 936 1148 nunquam
976 1088 1137 1148 aequo
1183 1065 1376 1128 animo
1418 1087 1538 1128 esse
1581 1068 1897 1128 confessum
1912 1111 1934 1145 ,
1977 1067 2224 1128 invitum

379 1145 496 1207 filio
528 1146 825 1208 debentem
864 1149 1104 1207 salutem
1138 1167 1304 1207 suam
1347 1163 1364 1207 t
1409 1145 1599 1236 itaque
1640 1154 1765 1227 post
1807 1146 2220 1226 expeditionem

377 1245 551 1306 quam
577 1225 697 1286 sine
722 1245 789 1286 eo
820 1225 1039 1286 fecisset
1065 1225 1184 1306 ipse
1196 1227 1244 1301 ὅ,
1268 1225 1329 1285 in
1363 1226 1425 1286 lll
1467 1246 1611 1301 rios,
1635 1225 1907 1286 victorem
1938 1224 2223 1307 scripsisse

377 1324 436 1364 se
515 1304 624 1365 atri
668 1306 821 1367 fusos
866 1307 1195 1386 fugatosque
1230 1306 1418 1366 hostes
1472 1321 1493 1382 3
1534 1326 1638 1366 nec
1680 1305 1925 1366 adfuisse
1960 1326 2214 1387 unquam

295 1386 306 1395 ⁴
378 1326 708 1465 Phffippum
753 1402 770 1446 τ
812 1384 979 1445 laude
1020 1385 1220 1464 dignos
1261 1405 1417 1460 esse,
1464 1405 1579 1444 non
1633 1384 1731 1465 qui
1784 1386 2217 1445 Samothracum

381 1461 620 1537 initiam,
640 1463 921 1539 viserent,
963 1483 1143 1544 quum
1182 1462 1382 1523 Asiam
1422 1462 1514 1521 uri
1552 1462 1866 1543 vastarique
1901 1472 2220 1544 oporteret,

379 1542 475 1604 sed
509 1563 603 1604 eos
632 1542 731 1633 qui
767 1541 1160 1603 mamitudine
1182 1561 1382 1602 rerum
1405 1540 1579 1601 sidem
1610 1541 2052 1602 antecessissent.
2088 1545 2221 1603 Haec

377 1631 434 1683 et
485 1621 574 1684 his
620 1621 833 1684 similia
865 1592 984 1682 laeti
1034 1619 1262 1687 audiere
1305 1621 1576 1700 juvenes3
1634 1620 1854 1700 ingrata
1907 1619 2221 1681 senioribus

378 1709 562 1784 erant,
605 1700 852 1763 maxime
879 1707 1109 1781 propter
1136 1697 1502 1780 Philippum,
1531 1698 1636 1760 sub
1668 1718 1780 1780 quo
1817 1697 2031 1760 diutius
2061 1699 2224 1760 vixe-

377 1785 528 1836 rant.
869 1801 873 1805 ·

462 1861 612 1920 Tum
656 1859 860 1935 Clitus,
895 1879 967 1920 ne
1004 1858 1125 1939 ipse
1162 1858 1396 1939 quidem
1433 1857 1563 1919 satis
1594 1856 1839 1933 sobriuS,
1875 1857 1945 1918 ad
1987 1878 2081 1919 eos
2123 1858 2223 1939 qui

380 1937 528 1999 infra
562 1938 753 2019 ipsum
786 1939 1124 2000 cubabant²¹
1164 1957 1500 2012 conversuS,
1535 1936 1823 2016 Euripidis
1860 1937 2059 2008 retulit⁴
2092 1957 2225 1998 car-

382 2036 514 2102 men
532 2020 599 2094 ¹¹,
628 2016 709 2080 ita
740 2025 806 2079 ut
843 2038 1013 2079 sonus
1041 2015 1221 2098 magis
1248 2037 1424 2098 quam
1461 2036 1645 2078 sermo
1684 2015 1938 2076 exaudiri
1979 2024 2165 2096 posset
2191 2035 2226 2077 a

382 2160 653 2258 oe³dGravis
671 2162 868 2218 auribus,
890 2175 913 2201 ι
931 2163 1124 2217 fatigant
1141 2158 1170 2204 a
1186 2172 1274 2203 en-

429 2227 457 2258 n
491 2226 554 2258 re.
582 2232 603 2257 ›

433 2265 455 2332 f
486 2267 574 2316 Qut·
587 2268 855 2322 sentiebant,
886 2280 906 2306 e
925 2271 1000 2324 qui
1017 2267 1274 2313 reconnais-

380 2323 868 2438 sazencthtqufiriijzssissLa
880 2375 1064 2435 bataille
1083 2375 1139 2418 de
1158 2374 1274 2438 Che-

382 2424 517 2473 rone&
534 2433 650 2470 avait
670 2432 741 2469 ebe
761 2439 932 2481 gagnee
958 2439 1037 2479 par
1066 2427 1271 2481 philippe

382 2491 458 2521 sur
487 2480 554 2521 les
579 2481 721 2523 forces
747 2480 1001 2521 combinees
1033 2479 1272 2523 d'Athenes

384 2536 429 2574 et
443 2532 500 2574 de
517 2531 706 2583 Thebes,
724 2532 810 2574 l'an
830 2533 908 2574 338
924 2544 990 2574 av.
1010 2531 1035 2573 J
1042 2530 1125 2575 .·C.
1148 2532 1272 2576 Dans

382 2588 500 2628 cette
512 2583 716 2639 jour-nee,
737 2583 999 2632 Alexandr-e,
1026 2586 1163 2637 jeune
1185 2597 1270 2628 en-

382 2649 499 2690 core,
518 2639 635 2682 avait
647 2638 888 2683 enfoncele
905 2636 1124 2681 bataillon
1138 2635 1278 2681 sacre'

383 2691 462 2734 des
480 2689 718 2735 Thebains.

436 2741 457 2776 ⁶
482 2743 542 2785 In
578 2742 951 2791 consternatione,
992 2756 1015 2781 α
1046 2744 1159 2787 dans
1194 2743 1272 2789 Γό-

382 2801 544 2840 mente.
568 2810 592 2835 ›

433 2849 455 2883 ’1
484 2848 590 2891 Non
609 2847 743 2894 alia«,
770 2859 879 2899 pour
897 2858 991 2890 non
1014 2847 1109 2892 alio
1126 2846 1268 2894 modo.

434 2900 457 2935 8
486 2901 516 2943 I
542 2913 600 2949 se,
624 2900 886 2943 Alexandro.

434 2953 457 2988 ⁹
520 2953 726 3009 cremisse
759 2965 804 2994 se
839 2956 966 3006 patri
994 2951 1140 3008 susos,
1181 2960 1269 3003 etc.

382 3005 512 3050 Cette
528 3007 702 3061 phrase,
719 3018 823 3049 avec
837 3009 879 3049 la
894 3008 1059 3059 vii-gule
1077 3020 1161 3062 que
1179 3021 1274 3052 cer·

383 3061 529 3103 taines
552 3058 746 3102 editions
767 3065 954 3102 metteut
980 3061 1106 3112 apres
1132 3061 1274 3116 patri,

384 3125 440 3155 ue
472 3110 678 3168 presente
715 3125 796 3165 pas
828 3125 886 3155 un
919 3125 1022 3154 sens
1052 3115 1270 3167 tres-nen

383 3178 441 3208 on
461 3178 520 3209 ne
537 3165 664 3209 saisit
692 3165 825 3218 gnere
852 3168 965 3209 ainsi
992 3166 1273 3220 l’opposition

383 3217 485 3272 qu'il
500 3230 533 3273 y
548 3231 577 3262 a
592 3223 719 3261 entre
737 3220 779 3260 le
799 3222 983 3273 premier
1003 3222 1196 3262 membre
1216 3223 1274 3263 de

383 3273 556 3326 phrase,
579 3272 782 3314 victorem
799 3274 893 3316 seri
928 3274 1038 3314 sisse
1062 3286 1107 3315 se
1131 3273 1273 3328 patri,

387 3329 429 3367 et
453 3325 497 3368 le
514 3327 705 3378 second,
733 3337 815 3367 nee
898 3326 1050 3382 suine
1077 3339 1275 3382 unquam

386 3374 663 3434 Philippum.
695 3379 734 3422 11
763 3385 865 3421 vaut
890 3381 1049 3424 mieux.
1081 3391 1133 3422 ce
1158 3391 1276 3422 sem·

384 3428 473 3484 blo,
487 3444 538 3475 su
568 3433 728 3486 primer
743 3433 786 3474 la
800 3445 862 3474 vu·
937 3445 978 3482 e.
996 3441 1041 3474 et
1052 3433 1133 3474 lire
1144 3431 1275 3487 patri

386 3481 506 3532 fusos
560 3488 801 3542 uyatosque
876 3497 975 3526 usos
996 3483 1274 3555 suyatosque

386 3547 413 3577 a
432 3538 589 3591 patre),
628 3550 798 3583 comme
828 3536 944 3580 nulli
971 3542 1110 3582 vnctus
1139 3550 1199 3594 qu
1211 3550 1272 3582 on

1326 2164 1479 2203 trouve
1497 2161 1610 2203 daus
1624 2159 1774 2204 Silius.
1787 2171 1810 2196 ε
1826 2160 1861 2202 n
1877 2161 1994 2203 avait
2010 2158 2120 2203 ecrit
2133 2172 2220 2215 que

1325 2214 1534 2256 l'ennemi
1563 2215 1680 2256 avait
1707 2212 1778 2256 ete
1807 2214 1932 2255 battu
1971 2219 2019 2254 et
2047 2214 2132 2256 mis
2163 2226 2222 2256 en

1325 2268 1435 2309 suite
1459 2278 1538 2319 par
1568 2277 1648 2308 son
1671 2265 1793 2318 pere,
1825 2267 1972 2308 tandis
1999 2277 2086 2320 que
2117 2266 2224 2308 Phi-

1327 2320 1446 2372 lippe
1465 2319 1625 2361 n'avait
1641 2320 1732 2372 pris
1750 2330 1918 2361 aucune
1937 2323 2036 2372 part
2053 2317 2082 2361 a
2102 2323 2221 2362 cette

1328 2374 1490 2414 action.
1511 2386 1534 2411 ι

1381 2423 1426 2457 10
1452 2420 1797 2466 Samothracum
1813 2423 1968 2465 initia.
1991 2435 2013 2474 ε,
2038 2421 2143 2467 L'ne
2164 2425 2221 2467 de

1327 2475 1628 2527 Samothrace,
1650 2492 1672 2516 ›
1692 2476 1802 2517 dans
1818 2478 1862 2518 la
1877 2488 1971 2517 mer
1986 2476 2123 2530 Egee,
2151 2489 2227 2520 sur

1326 2530 1393 2571 les
1425 2529 1548 2572 cotes
1587 2531 1643 2570 de
1680 2527 1867 2592 Thrace,
1903 2531 2013 2571 etait
2047 2528 2223 2596 celebre

1326 2583 1503 2697 Ξέἑαὲῖι
1523 2582 1638 2675 2¹:12⁰
1652 2586 2226 2688 0¹3¹13'132‘2T‘0ffi113233b23

1327 2689 1448 2730 avoir
1464 2691 1536 2730 ete
1563 2697 1623 2728 un
1655 2692 1773 2727 reste
1806 2685 1886 2728 des
1912 2689 2123 2740 religions
2148 2691 2226 2741 pe·

1326 2739 1563 2792 lasgiques.
1598 2737 1686 2780 Les
1727 2739 1943 2790 myster-es
1979 2741 2036 2781 de
2072 2740 2227 2783 Samo-

1325 2792 1477 2834 thrace
1497 2792 1675 2833 avalent
1693 2790 1765 2832 ete
1784 2791 2043 2834 reneuveles
2061 2798 2108 2835 et
2126 2806 2228 2846 per·

1327 2843 1574 2888 fectionnes
1596 2856 1675 2898 par
1691 2843 1862 2896 Jasion,
1884 2845 1952 2886 fils
1974 2845 2030 2887 de
2051 2845 2226 2899 Jupiter

1329 2902 1377 2940 et
1410 2897 1642 2940 d'Electre.
1675 2897 1878 2950 Philippe
1911 2904 1959 2940 et
1991 2897 2221 2952 Olympias

1331 2950 1395 3014 ε’)
1412 2950 1582 2993 etaient
1597 2952 1677 2992 fait
1693 2950 1862 2993 initiet.
1887 2950 2045 2994 Visere
2066 2955 2228 3006 myste-

1327 3016 1406 3046 πα
1437 3003 1731 3061 (ἐποπτεύειν
1753 3005 2018 3061 μυστήρια),
2035 3003 2130 3048 etre
2148 3005 2228 3047 ad-

1326 3066 1413 3107 mis
1433 3063 1461 3108 a
1477 3065 1523 3108 la
1538 3065 1897 3117 contemplation
1910 3066 1989 3107 des
2008 3064 2225 3118 mysteres

1328 3119 1489 3161 etaitle
1506 3118 1601 3170 plus
1611 3117 1717 3158 haut
1730 3118 1863 3169 degi-e
1880 3118 1936 3158 de
1953 3118 2207 3160 l‘initiatiou

1384 3170 1425 3203 ¹¹
1456 3169 1513 3212 In
1544 3181 1599 3212 ra
1632 3167 1870 3217 cubabant.
1901 3183 2008 3222 pour
2037 3170 2220 3212 discum-

1331 3221 1490 3265 bebant
1506 3236 1552 3265 m
1576 3223 1662 3263 imo
1683 3221 1814 3265 lecto.
1843 3221 1975 3284 (Voy.
1994 3224 2040 3264 la
2059 3234 2222 3266 narra-

1330 3275 1424 3318 iion
1442 3274 1507 3317 du
1533 3272 1695 3319 Proce's
1721 3273 1772 3318 de
1803 3273 1955 3323 Pazon,
1985 3287 2099 3328 page
2125 3276 2221 3326 224,

1326 3336 1434 3414 ¹¹⁰1}
1454 3328 1713 3447 ⁴I‘i'iirtjpidis
1767 3391 1959 3422 carmen.
2015 3376 2135 3423 Oest
2176 3378 2223 3422 le

1326 3446 1529 3477 moreeau
1551 3435 1579 3476 d
1595 3432 1913 3488 Andr-emaque
1950 3432 2005 3483 (v.
2026 3432 2119 3488 693)
2144 3432 2223 3486 qui

1327 3500 1580 3532 commence
1610 3487 1759 3529 ainsi:
1793 3481 2231 3546 υἰμοικαθἘλλαδ·

1327 3549 1386 3600 ὡς
1409 3556 1554 3600 κακῶς
1581 3547 1810 3606 νομίζεται
