2525 3984
1023 171 1571 232 NARRATIONES.
2106 173 2219 233 185

381 318 448 363 eo
477 299 767 372 destituta,
808 304 908 357 aut
946 296 1120 362 ctiam
1150 296 1397 377 pondere
1422 315 1523 356 suo
1555 302 1726 371 v1cta,
1768 295 1829 355 in
1865 293 2221 357 latitudinem

388 378 748 454 vanescebat;
781 374 1019 437 candida
1040 374 1354 451 interdum,
1374 374 1666 436 interdum
1700 373 1926 435 sordida
1953 381 2008 435 et
2032 394 2225 436 macu-

387 461 525 535 losa,
537 464 921 539 proutterram
932 453 1247 516 cineremve
1265 456 1584 516 sustulerat.
1600 455 1870 536 Magnum
1884 453 2224 536 propiusque

389 536 757 611 noscendum,
777 543 843 596 ut
860 533 1241 597 eruditissimo
1259 533 1382 596 viro
1400 534 1609 595 visum.

463 616 631 678 Iubet
668 613 1047 677 liburnicam⁹
1085 612 1265 695 aptari
1295 630 1312 676 τ
1343 612 1514 688 mihi,
1547 612 1593 672 si
1627 626 1817 673 venire
1852 631 1968 672 una
2002 610 2226 689 vellem',

385 694 517 756 facit
539 694 786 776 copiam.
806 692 1090 774 Respondi
1110 692 1336 755 studere
1353 712 1448 754 me
1467 693 1672 770 malle3
1696 699 1752 752 et
1773 692 1917 753 forte
1939 691 2056 771 ipse
2157 692 2227 753 od

383 774 691 837 scriberem
716 773 965 837 dederat.
998 771 1409 854 Egrediebatur
1438 771 1608 834 domo
1630 787 1650 849 3
1680 770 1884 851 accipit
1920 713 2224 832 codicillos..

390 853 664 915 Retinae¹⁰
717 851 1042 914 classiarii¹¹
1094 850 1420 912 imminenti
1470 850 1719 932 periculo
1760 848 2013 911 exterriti
2060 851 2230 928 (nam

389 932 522 994 villa
557 951 626 994 ea
664 930 1019 1011 subjacebat,
1055 951 1159 992 nec
1198 932 1316 992 ulla
1357 929 1464 991 nisi
1505 929 1741 991 navibus
1782 930 1961 1010 fuga),
2005 938 2070 990 ut
2114 933 2229 991 se²²

391 1015 547 1072 tanto
574 1008 888 1071 discrimini
925 1009 1164 1091 eriperet
1199 1011 1456 1072 orabant.
1482 1009 1664 1070 Vertit
1695 1009 1791 1070 ille
1828 1008 2154 1085 consilium,
2179 1016 2233 1070 et

388 1089 540 1170 quod
561 1088 807 1151 studioso
826 1087 1019 1150 animo
1033 1092 1078 1127 ¹⁸
1096 1087 1483 1164 inchoaverat,
1503 1088 1621 1150 obit
1638 1087 1887 1149 maximo
1903 1089 1974 1149 ⁴⁸.
1996 1088 2234 1149 Deducit

388 1168 847 1250 quadriremesw,
864 1167 1152 1229 adsccndit
1168 1167 1310 1250 ipse,
1332 1189 1449 1229 non
1472 1168 1688 1230 Retinae
1705 1167 1899 1243 mode,
1922 1167 2018 1229 sed
2039 1168 2234 1228 multis

388 1251 531 1325 (erat
573 1247 729 1309 enim
774 1249 1036 1329 frequens
1081 1247 1381 1310 amoenitas
1433 1267 1545 1310 orae
1562 1250 1630 1328 ¹⁶)
1667 1249 1884 1309 laturus
1930 1246 2231 1308 auxilium.

393 1329 660 1408 Properat
680 1327 816 1388 illuc
836 1327 987 1388 unde
1013 1327 1110 1388 alii
1140 1327 1405 1409 fugiunt3
1436 1334 1768 1408 rectumque
1800 1346 2058 1402 cursum,
2085 1334 2238 1388 recta
2305 1347 2308 1350 ’

391 1405 773 1487 gubernacula
814 1406 877 1467 in
920 1405 1238 1496 periculum
1277 1413 1429 1467 tenet
1445 1451 1465 1482 ,
1506 1406 1644 1468 adeo
1689 1407 1903 1467 solutus
1950 1414 2131 1481 metu,
2172 1414 2236 1465 ut

394 1506 589 1547 omnes
612 1485 770 1547 illius
801 1486 938 1547 mah
969 1493 1196 1560 motus,
1214 1506 1413 1546 omnes
1436 1486 1647 1564 figuras
1658 1529 1679 1560 ,
1704 1493 1771 1545 ut
1796 1484 2240 1565 deprehenderat

391 1564 604 1641 oculiS,
630 1563 868 1626 dictaret
893 1571 1273 1644 enotaretque.
1304 1565 1432 1623 Jam
1472 1563 1712 1623 navibus
1744 1562 1887 1622 cinis
1923 1562 2236 1637 incidebat,

393 1664 506 1725 quo
535 1641 768 1733 propius
797 1641 1158 1717 accederent,
1186 1641 1423 1703 calidior
1450 1649 1506 1702 et
1533 1639 1760 1702 densior
1774 1655 1794 1718 3
1830 1641 1951 1721 jam
1986 1640 2240 1721 pumices

391 1722 593 1797 etiam,
614 1720 876 1812 mgr-ique
888 1728 945 1781 ct
960 1720 1206 1781 ambusti
1228 1728 1284 1782 et
1302 1720 1462 1782 fracti
1482 1719 1500 1780 i
1506 1740 1616 1801 gne
1634 1719 1845 1800 lapides
1862 1736 1882 1796 ;
1898 1721 2019 1801 jam
2032 1719 2239 1781 vadum

393 1799 676 1877 subitum,
721 1819 998 1881 ruinaque
1042 1800 1251 1861 montis
1292 1798 1483 1861 littora
1527 1799 1807 1860 obstantia
1822 1800 1887 1859 ¹⁷.
1934 1800 2242 1861 Cunctatus

396 1881 631 1960 paulum
658 1900 731 1942 an
756 1886 908 1941 retro
932 1880 1217 1955 flecteret,
1255 1899 1390 1940 mox
1425 1878 1784 1960 gubernatori
1818 1887 1884 1940 ut
1918 1878 2000 1939 ita
2036 1879 2243 1939 faceret

397 1959 649 2021 monenti
673 1977 689 2022 ε
723 1981 755 2020 ε(
774 1962 995 2035 Ἐοτ188,
1021 1956 1235 2039 inquit,
1260 1960 1487 2020 fortuna
1502 1959 1663 2039 juvat
1685 1975 1702 2021 2
1726 1957 2182 2039 Pomponianum
2198 1959 2242 1995 ¹⁸

452 2125 474 2159 ⁹
500 2123 792 2171 Liburnicum
807 2155 822 2180 ,
849 2136 873 2162 «
889 2126 1064 2171 liburno
1080 2156 1093 2181 ,
1116 2141 1139 2167 »
1172 2131 1292 2171 sorte

398 2180 457 2222 de
476 2177 623 2232 galei-e
644 2177 792 2232 legere
814 2178 1004 2234 adoptee
1029 2192 1110 2234 par
1130 2181 1198 2224 188
1218 2180 1296 2223 Li-

400 2233 613 2274 bui-niens
646 2228 873 2286 (Liburni)
892 2263 904 2285 ,
949 2231 1113 2287 peuple
1152 2234 1209 2276 de
1248 2232 1295 2275 18

402 2284 621 2329 Dalmatio
634 2315 647 2338 ,
684 2287 759 2350 qui
789 2284 882 2329 s’en
925 2287 1149 2330 servaient
1182 2296 1294 2340 pour

401 2337 509 2379 faire
538 2338 583 2381 18
612 2336 771 2382 metier
802 2339 859 2381 (18
888 2339 1069 2394 pirates.
1097 2337 1165 2382 Au
1249 2343 1294 2380 te

404 2391 483 2431 dut
500 2401 555 2432 en
576 2392 743 2443 grande
755 2391 898 2444 partie
914 2392 961 2433 18
970 2393 1155 2435 victoire
1199 2390 1296 2434 'Ao-

404 2443 513 2483 tium
530 2454 588 2486 au
604 2455 781 2486 secours
797 2442 901 2496 qu’il
917 2444 1004 2487 tira
1016 2445 1074 2487 de
1091 2448 1210 2488 88118
1225 2455 1296 2486 88-

403 2493 514 2547 ρὸο8
541 2495 597 2537 (18
623 2496 879 2547 missenum
908 2496 1026 2538 aussi
1048 2495 1235 2541 dea-lora
1252 2498 1299 2539 18

404 2546 580 2599 plupart
611 2547 691 2589 des
722 2547 952 2591 vaisseaux
978 2546 1124 2602 legera
1149 2551 1299 2593 fiuent

404 2600 641 2642 construite
670 2612 745 2643 sur
773 2611 825 2643 ce
858 2599 1049 2645 modele.
1088 2601 1219 2656 (Voy.
1251 2604 1301 2645 18

404 2652 630 2695 nari-atlon
646 2653 705 2695 du
716 2650 847 2708 Sie‘ye
862 2651 917 2696 de
930 2651 1170 2713 Syracuse,
1184 2667 1298 2710 page

409 2704 867 2805 15561325371233.)Vme
899 2772 957 2804 au
980 2760 1088 2814 pied
1118 2761 1179 2803 du
1208 2758 1302 2824 Vb·-

407 2815 674 2905 mvehefffffl
699 2811 999 2857 Herculanum
1025 2817 1074 2856 et
1098 2811 1299 2867 Pompei,

409 2873 466 2903 au
484 2893 495 2905 .
562 2875 583 2904 e
606 2874 699 2907 ma.

460 2862 506 2946 ²1¹
537 2913 780 2961 Classiam.
822 2915 888 2959 Le
922 2921 1045 2961 texte
1080 2917 1138 2961 de
1178 2921 1301 2961 cette

410 2967 568 3020 phrase
584 2974 655 3012 881
670 2971 758 3013 fort
782 2968 917 3012 altere
946 2971 1058 3013 dans
1081 2970 1149 3014 188
1166 2983 1298 3023 mss.;

411 3019 491 3061 (188
515 3019 725 3076 editeurs,
756 3034 813 3065 au
840 3023 933 3066 lieu
966 3024 1024 3068 de
1056 3022 1301 3078 classim-ii,

413 3077 493 3114 ont
508 3072 555 3115 lu
573 3072 696 3117 caeeii
715 3074 862 3129 Bassi,
881 3074 984 3120 d’ou
997 3077 1054 3119 118
1070 3079 1307 3121 concluent

413 3136 498 3218 zue
515 3123 676 3169 Ruina
696 3126 867 3171 6181118
888 3130 1047 3174 femme
1066 3131 1122 3173 (18
1144 3129 1308 3174 Casius

416 3180 1100 3289 effltffiffffiffigssssffl
1156 3184 1307 3280 ..233²

418 3280 481 3324 Le
512 3295 617 3327 nom
650 3287 706 3329 de
731 3286 895 3328 Retina
907 3286 1067 3332 s'etant
1097 3288 1309 3343 perpetue

419 3335 528 3378 (1888
544 3339 657 3381 celui
679 3340 736 3381 de
752 3339 936 3386 Resina.
961 3341 1056 3384 doit
1071 3353 1184 3385 nous
1201 3344 1311 3387 faire

418 3390 717 3486 :Aegl-{ages
746 3394 1020 3446 conjectures
1038 3405 1205 3438 comme
1223 3396 1311 3439 fort

444 3543 456 3554 .
475 3491 531 3555 ¹¹.
542 3492 605 3557 18⁶
626 3495 797 3562 (ipsos).
809 3510 855 3541 88
873 3502 1133 3554 rapportent
1152 3499 1181 3543 8
1198 3498 1313 3565 elas-

419 3556 566 3596 mwu,
583 3549 650 3592 188
672 3562 836 3593 manns
854 3550 1061 3596 detaches
1078 3551 1106 3595 8
1126 3552 1305 3597 Βόιωο.

1402 2126 1449 2161 1⁸
1481 2125 1690 2192 Studiose
1727 2127 1887 2181 animo,
1925 2138 1949 2164 ι
1979 2136 2060 2182 par
2093 2140 2242 2172 amour

1349 2193 1461 2268 Poff
1475 2181 2031 2296 liiffissffiozsoeptendu
2050 2234 2213 2276 animo.

1403 2284 1448 2319 1⁸
1476 2285 1669 2328 Deducit
1706 2286 2024 2343 quadnremes,
2062 2288 2136 2329 «il
2165 2288 2245 2329 fait

1351 2342 1508 2382 mettre
1529 2338 1558 2383 a
1582 2340 1664 2382 ssot
1683 2340 1763 2383 des
1782 2336 2102 2397 quadriremee,
2121 2353 2145 2379 2
2175 2337 2245 2392 (au

1348 2394 1439 2434 lieu
1456 2393 1586 2435 d'une
1607 2390 1779 2437 liburno
1799 2394 1909 2435 dont
1924 2393 1956 2435 il
1975 2393 2141 2435 voulait
2157 2393 2247 2444 pri-

1349 2446 1626 2488 mitivement
1646 2457 1696 2488 88
1722 2445 1892 2500 servir).
1915 2443 2143 2487 Deducere
2165 2455 2247 2484 na-

1348 2509 1422 2540 ves
1435 2499 1474 2541 si
1505 2499 1609 2541 nifle
1622 2498 1741 2542 tirer
1752 2500 1819 2540 188
1836 2499 2010 2540 navitas
2025 2497 2085 2538 du
2097 2497 2248 2549 rivage

1351 2549 1379 2593 δ,
1398 2550 1472 2594 l'ai
1504 2563 1529 2594 e
1549 2552 1606 2594 de
1631 2551 1855 2593 machine:
1885 2554 1933 2592 et
1951 2550 2018 2592 188
2040 2553 2203 2591 mettre
2219 2547 2247 2592 8

1350 2605 1445 2647 ssot.
1484 2603 1554 2646 On
1592 2600 1773 2646 eonnalt
1806 2604 1850 2644 18
1890 2613 1989 2645 vers
2027 2600 2245 2644 d’Horace

1355 2653 1401 2709 (1.
1421 2657 1459 2705 1,
1479 2657 1554 2698 od.
1570 2654 1612 2708 4)
1635 2654 1943 2705 z-Tnhuntquo
1962 2655 2082 2694 sicca·
2104 2654 2250 2694 mehi-

1353 2719 1410 2746 nae
1430 2709 1591 2747 carium.
1983 2714 1987 2718 ’

1409 2759 1454 2793 ¹⁶
1481 2759 1575 2803 Fre
1607 2771 1717 2802 uem
1744 2759 1976 2803 ama-nitas
2005 2771 2111 2814 ow,
2138 2773 2248 2815 pour

1355 2824 1647 2908 affixa?
1664 2813 1953 2855 amoenitatem
1973 2811 2247 2871 frequenter

1412 2917 1456 2952 1⁷
1491 2914 1668 2960 Vadam
1702 2915 1942 2962 cubitum...
1979 2918 2141 2965 littora
2175 2919 2250 2963 ob-

1355 2970 1542 3014 stantia.
1586 2971 1717 3015 Pline
1734 3002 1745 3024 ,
1780 2984 1885 3015 avec
1916 2985 2007 3017 une
2041 2974 2249 3038 emphase

1357 3022 1582 3120 poetique,
1603 3037 1791 3079 suppose
1814 3025 1873 3069 ici
1889 3038 1974 3079 que
1993 3026 2061 3069 les
2082 3039 2250 3080 pierres

1375 3075 1535 3121 anoees
1586 3090 1636 3121 ar
1648 3079 1693 3122 18
1709 3080 1862 3122 volcan
1882 3081 2060 3122 avaient
2073 3090 2252 3124 encom-

1357 3126 1438 3173 bre
1456 3131 1500 3173 18
1530 3143 1560 3186 p
1578 3144 1661 3185 age
1689 3136 1736 3175 et
1755 3130 1889 3174 forme
1926 3133 2004 3175 des
2021 3133 2251 3175 bas-fonds

1360 3185 1435 3239 qui
1450 3183 1652 3228 s'etaient
1667 3186 1865 3239 prodults
1882 3186 2165 3229 subitement.
2186 3184 2249 3228 Ge

1361 3236 1464 3291 qu'il
1478 3250 1508 3291 y
1525 3250 1553 3280 a
1575 3239 1631 3281 de
1657 3239 1879 3290 croyable,
1909 3242 1956 3281 81
1971 3250 2022 3281 88
2039 3249 2124 3291 que
2145 3237 2251 3279 l’au-

1363 3294 1462 3333 teur
1478 3292 1545 3334 dit
1567 3290 1791 3333 lui-meme
1820 3291 1930 3333 dans
1950 3292 1998 3333 18
2021 3291 2155 3333 lettre
2176 3290 2250 3343 qui

1366 3344 1447 3387 fait
1457 3345 1502 3387 le
1525 3344 1640 3397 sajet
1656 3343 1712 3385 de
1730 3343 1776 3384 18
1793 3346 2016 3385 naamon
2032 3343 2249 3392 minute,

1366 3395 1473 3438 c'est
1496 3407 1580 3451 que
1609 3409 1631 3434 ε
1648 3397 1695 3438 18
1722 3407 1815 3437 mer
1841 3395 2046 3442 semblait
2072 3392 2167 3437 etro
2184 3405 2253 3435 re-

1364 3447 1509 3491 foulee
1533 3460 1613 3510 par
1631 3449 1676 3490 le
1710 3448 2019 3517 §Pessblemen‘
2042 3448 2097 3489 de
2119 3452 2251 3496 terre,

1365 3500 2246 3606 Ψῗειῖοῗᾷἳξῖὲαἰῗλὶῗωῗᾶὲοέροω.

1802 3836 1925 3900 J*
