2525 3984
381 141 484 196 332
1028 139 1072 197 N
1080 136 1458 196 ARRATION
1468 135 1578 195 Es.

382 270 523 353 tegri
559 279 741 332 essent
781 276 990 351 quique
1029 264 1462 331 miserarentur‘
1484 271 1766 330 Neronem
1809 277 2085 352 tanquam
2125 289 2233 351 per

383 351 562 412 scelus
588 350 971 410 interfectum.
1010 349 1268 430 Plerique
1293 348 1513 410 Vestini
1557 368 1782 431 quoque
1811 350 2057 410 consulis
2103 372 2232 413 acre

383 430 678 516 ingenium
712 428 968 490 vitavisse
997 428 1260 489 Pisonem
1298 428 1683 504 crediderunt,
1712 448 1782 489 ne
1810 428 1881 489 ad
1909 429 2228 494 libertatem

385 518 704 570 moveretur
715 509 784 585 ³⁸,
815 509 900 569 vel
924 508 1136 569 delecto
1162 506 1502 589 imperatore
1529 507 1639 569 alio
1673 506 1760 568 sui
1787 508 2041 569 muneris
2070 530 2234 571 rem—

385 588 669 669 publicam
685 587 893 649 faceret
906 589 971 648 ³⁹.
992 586 1220 650 Etenim
1233 608 1431 670 expers
1449 587 1854 668 conjurationis
1872 595 2013 664 erat,
2029 608 2234 670 quam-

388 667 468 727 vis
494 688 664 749 super
697 688 764 729 eo
799 666 1041 730 crimine
1072 668 1220 729 Nero
1243 677 1403 728 vetus
1428 666 1693 729 adversus
1720 666 2006 728 insontem
2030 667 2228 730 odium

382 746 706 828 expleverit.

465 827 721 888 Tandem
761 833 1004 888 statuere
1040 824 1382 889 circensium
1427 824 1693 885 ludorum
1729 824 1820 885 die
1836 825 1882 862 *⁰
1916 826 2012 907 qui
2038 827 2229 888 Cereri

386 905 700 967 celebratur
716 904 941 986 exsequi
961 905 1240 968 destinata
1253 906 1296 941 '¹¹
1304 949 1325 981 ,
1387 902 1482 965 uia
1501 905 1709 980 Coesar,
1732 925 1895 965 rarus
1915 925 2142 986 egressu
2158 906 2229 982 ⁸⁸,

385 984 666 1065 domoque
692 992 791 1046 aut
831 984 1011 1046 hortis
1048 987 1297 1062 clausuS,
1324 1005 1357 1045 a
1441 983 1658 1045 ludicra
1692 983 1839 1045 Circi
1878 983 2230 1061 ventitabat,

387 1062 871 1153 promptioresque
900 1063 1086 1126 aditus
1098 1067 1143 1103 ⁸³
1177 1071 1339 1126 erant
1369 1062 1564 1125 laetitia
1596 1062 1918 1144 spectaculi.
1955 1062 2231 1126 Ordinem

387 1141 604 1203 insidiis
631 1152 1102 1223 composuerant,
1132 1152 1196 1204 ut
1222 1145 1530 1204 Lateranus
1546 1188 1567 1220 ,
1639 1140 1760 1203 uasi
1796 1141 2112 1204 subsidium
2148 1145 2227 1205 rei

388 1220 653 1283 familiari
682 1231 889 1299 oraret,
919 1221 1387 1304 deprecabundus
1413 1228 1469 1283 et
1504 1242 1629 1304 gem
1672 1243 1737 1282 us
1775 1222 2044 1312 principis
2073 1223 2235 1284 acci-

385 1300 546 1377 denS,
576 1310 954 1381 prosterneret
976 1301 1272 1364 incautum
1306 1310 1699 1382 premeretque
1712 1302 1783 1377 ⁸⁸,
1806 1301 1983 1362 animi
2011 1301 2231 1364 validus

385 1387 442 1440 et
478 1400 710 1471 corpore
736 1380 956 1462 ingens·
996 1383 1146 1442 Tum
1170 1382 1454 1463 jacentem
1480 1387 1537 1442 et
1554 1379 1896 1462 impeditum
1927 1380 2133 1442 tribuni
2175 1394 2233 1443 et

385 1465 783 1535 centurioneS,'
800 1468 856 1521 et
894 1468 1212 1522 ceterorum
1247 1468 1314 1521 ut
1346 1459 1582 1543 quisque
1616 1459 1894 1522 audentiae
1920 1460 2227 1538 habuisset,

384 1548 741 1601 accurrerent
756 1538 1214 1623 trucidarentque
1237 1556 1257 1617 3
1280 1540 1494 1622 primas
1515 1539 1622 1600 sibi
1645 1549 1831 1620 partes
1849 1541 2234 1621 expostulante

385 1616 649 1694 Scevino,
670 1618 769 1701 qui
802 1619 1110 1700 pugionem
1139 1621 1353 1701 templo
1384 1618 1617 1695 Salutis,
1651 1619 1790 1696 sive,
1820 1627 1885 1680 ut
1911 1618 2007 1681 alii
2047 1620 2234 1680 tradi-

386 1696 517 1758 dere
537 1742 558 1772 ,
589 1701 877 1775 Fortunae,
905 1699 1203 1760 Ferentino
1234 1699 1298 1762 in
1323 1698 1531 1780 oppido
1545 1699 1592 1735 *ὅ
1617 1743 1636 1773 ,
1664 1698 2035 1761 detraxerat'·⁸
2051 1743 2072 1776 ,
2097 1720 2236 1780 ges-

387 1775 651 1858 tabatque
694 1779 848 1838 velut
883 1797 1090 1859 magno
1133 1777 1289 1859 operi
1329 1798 1577 1839 sacrum.
1620 1779 1858 1840 Interim
1904 1779 2032 1839 Piso
2077 1778 2229 1859 apud

385 1854 567 1918 aedem
600 1857 821 1917 Cereris
853 1865 1240 1938 opperiretur,
1269 1857 1422 1918 unde
1452 1877 1587 1919 eum
1611 1859 1905 1938 praefectus
1939 1857 2147 1918 Fenius
2175 1869 2234 1918 et

387 1933 555 1996 ceteri
576 1935 824 1997 accitum
843 1937 1056 1998 ferrent
1073 1936 1133 1997 in
1158 1945 1368 2014 castra,
1391 1936 1695 1999 comitante
1716 1936 1984 2013 Antonia,
2006 1936 2229 1998 Claudii

387 2013 621 2075 Caesaris
648 2015 795 2091 filia,
823 2016 895 2076 ad
926 2015 1270 2077 eliciendum
1296 2015 1448 2094 vulgi
1485 2016 1733 2077 favorem
1762 2036 1778 2077 ε
1817 2016 1967 2091 quod
2005 2017 2072 2077 C.
2105 2017 2233 2077 Pli-

386 2097 524 2153 nius
549 2106 854 2160 memorat.
885 2104 1062 2162 Nobis
1091 2119 1327 2178 quoquo
1344 2106 1519 2165 modo
1542 2107 1821 2164 traditum
1839 2107 1885 2143 ⁸⁷
1910 2123 2024 2163 non
2053 2104 2233 2164 occul-

380 2178 501 2232 tare
525 2179 586 2232 in
615 2182 812 2236 animo
844 2183 947 2238 l'uit
971 2202 986 2246 ς
1019 2187 1289 2255 quamvis
1310 2187 1629 2244 absurdum
1651 2187 1962 2255 videretur,
1993 2192 2091 2244 aut
2117 2185 2223 2242 ina

354 2314 356 2316 ,
384 2266 518 2336 nem
546 2257 616 2309 ad
655 2270 815 2331 spem
853 2255 1163 2318 Antoniam
1198 2276 1410 2319 nomen
1449 2265 1505 2318 et
1536 2258 1853 2338 periculum
1885 2260 2231 2323 commoda-

380 2327 578 2388 visse*⁸
594 2343 615 2406 3
654 2338 752 2391 aut
780 2330 1043 2395 Pisonem
1061 2380 1082 2410 ‚
1125 2345 1327 2397 notum
1366 2355 1555 2400 amore
1583 2335 1770 2396 uxoris
1788 2381 1808 2412 ,
1832 2336 1928 2397 alii
1939 2339 1984 2374 '⁶⁹
2012 2339 2230 2401 matri-

434 2522 480 2557 8⁸
508 2523 582 2568 Ne
612 2524 673 2570 ad
707 2525 959 2572 libertatem
993 2534 1264 2583 moveretur,
1381 2530 1427 2566 ⁴³
1455 2532 1634 2582 Aditus,
1652 2535 1978 2577 sous-entendu
1995 2532 2056 2575 ad
2073 2545 2187 2578 eum.

383 2590 403 2614 «
422 2578 478 2620 de
501 2591 612 2633 peut
641 2580 745 2635 qu’il
769 2594 828 2625 ne
856 2581 1012 2626 s'emut
1032 2596 1090 2627 en
1120 2586 1270 2627 t’aveur
1379 2583 1426 2616 ⁴⁴
1453 2583 1702 2636 Premeret,
1729 2599 1750 2622 κ
1769 2588 1812 2629 le
1829 2585 1915 2628 tint
1931 2599 2036 2629 sous
2056 2588 2136 2630 lui.
2158 2602 2180 2627 >

380 2631 437 2692 de
473 2632 516 2674 la
544 2633 721 2686 liberte,
740 2649 763 2673 s
796 2635 898 2689 qu'il
930 2648 989 2679 ne
1022 2639 1210 2691 songeat
1242 2636 1271 2680 ὲ
1378 2634 1425 2669 ⁴⁸
1453 2635 1692 2681 Ferentino
1709 2638 1757 2679 in
1779 2638 1959 2693 oppido,
1976 2641 2024 2683 la
2038 2641 2143 2683 ville
2161 2642 2220 2684 da

378 2684 562 2727 retabltr
580 2686 625 2728 la
646 2688 821 2731 liberte.
1324 2689 1626 2739 Ferentinum,
1663 2703 1720 2733 en
1753 2689 1943 2737 Etrurie.
1978 2693 2091 2735 dont
2123 2706 2227 2747 par·

433 2734 479 2769 ⁸⁹
512 2736 591 2781 Vel
623 2740 693 2782 sui
724 2741 916 2784 muneris
950 2740 1271 2798 rempublicam
1325 2743 1422 2785 lent
1443 2741 1633 2786 strabon
1666 2742 1728 2797 (v,
1751 2743 1791 2797 2)
1823 2749 1870 2786 et
1895 2744 2027 2789 Pline
2056 2744 2142 2799 (ui,
2162 2746 2223 2800 8).

395 2791 569 2858 ’σοον-εἰ,
610 2805 632 2831 c
664 2805 721 2835 ou
750 2794 853 2848 qu'il
886 2804 944 2837 ne
980 2795 1178 2849 disposat
1213 2798 1271 2840 de
1324 2795 1363 2839 11
1389 2808 1447 2838 ne
1469 2796 1564 2839 faut
1590 2809 1670 2850 pas
1701 2797 1943 2840 conrondre
1970 2803 2089 2842 cette
2116 2801 2223 2843 ville

401 2839 568 2907 ‚Etuta-
605 2856 773 2888 comme
809 2847 938 2889 tl'une
970 2847 1103 2891 chose
1139 2848 1269 2904 qu’on
1325 2860 1431 2892 avec
1450 2848 1708 2901 Ferentum,
1738 2851 1843 2893 ville
1871 2850 2090 2906 d'Apulie,
2109 2852 2224 2895 dont

380 2895 593 2937 nendrmt
614 2898 670 2939 de
689 2911 738 2940 sa
753 2901 888 2942 main.
1325 2902 1449 2956 pai-le
1468 2901 1660 2947 Horace.

434 2942 480 2977 ⁴⁰
511 2945 791 3013 Circensium
819 2950 1044 3007 ludorum,
1069 2958 1152 2998 etc.
1182 2955 1272 2998 Les
1380 2952 1426 2987 ⁴⁶
1456 2954 1752 3007 Detraaeerat,
1796 2971 1817 2994 «t
1845 2956 1880 3000 11
1912 2955 2061 3001 l’avait
2099 2956 2224 3001 deta-

379 2995 492 3041 ffites
509 2999 565 3041 de
585 2999 719 3045 Ceres
745 3005 949 3048 dui-aient
972 3007 1129 3061 depuis
1152 3008 1196 3049 le
1222 3009 1273 3049 12
1325 3006 1406 3050 che
1425 3020 1448 3044 »
1491 3009 1570 3051 des
1614 3010 1794 3051 lambris
1834 3011 1893 3052 du
1929 3011 2109 3063 temple.
2151 3010 2224 3055 On

374 3050 575 3113 jusqu'au
597 3054 647 3119 13)
663 3057 769 3119 ayt-{l
787 3058 1137 3103 inclusivement.
1159 3060 1272 3103 Bro·
1325 3061 1585 3113 suspendait
1601 3063 1712 3104 dans
1729 3063 1796 3104 les
1814 3065 2001 3116 temples
2016 3064 2096 3106 des
2112 3064 2205 3107 hou

378 3107 466 3145 tier
501 3105 587 3149 fixe
613 3109 986 3161 judicieusement
1014 3125 1071 3156 au
1104 3115 1154 3156 13
1192 3114 1272 3155 des
1325 3114 1471 3160 cliers,
1492 3114 1572 3156 des
1593 3116 1800 3157 tableaux
1819 3118 1963 3167 votifs,
1982 3121 2068 3159 etc.

376 3155 591 3219 kalende·
622 3160 678 3204 de
704 3165 808 3215 mai,
842 3163 1113 3210 c’est-a-dire
1135 3178 1192 3209 au
1221 3167 1271 3210 19
1377 3165 1423 3200 ⁴⁷
1446 3164 1631 3224 Quoquo
1648 3166 1776 3209 modo
1798 3169 2029 3217 traditum,
2045 3171 2222 3225 ‘quelle

377 3210 693 3315 abncl'ogpigtur
716 3217 853 3259 choisi
882 3230 992 3270 pour
1005 3218 1269 3264 l'execution
1324 3227 1410 3313 1(ιζιιο
1459 3220 1547 3261 solt
1590 3220 1636 3262 la
1662 3221 1812 3264 valeur
1850 3222 1906 3264 de
1939 3227 2054 3265 cette
2086 3224 2228 3268 tradi-

658 3298 668 3309 .
1343 3284 1435 3314 ion.
1453 3285 1475 3310 >

432 3312 473 3348 ⁴¹
507 3316 746 3382 Destinafa
773 3320 968 3383 εἰπερ-..ιζ
1000 3334 1021 3359 «
1042 3324 1098 3367 de
1116 3335 1271 3378 passer
1378 3323 1424 3357 ⁴⁸
1452 3323 1628 3368 Nomen
1648 3329 1690 3368 et
1708 3325 1960 3382 periculum
1978 3326 2222 3370 commoda-

380 3371 506 3410 outre
538 3369 567 3413 ὸ,
610 3371 885 3415 l'execution.
922 3387 943 3410 ι
1002 3374 1116 3427 Voy.
1151 3382 1269 3419 cette
1321 3377 1449 3428 visse,
1484 3390 1506 3415 ι
1526 3378 1605 3422 eut
1633 3381 1801 3441 engage
1832 3391 1910 3420 son
1950 3389 2054 3421 nom
2087 3383 2135 3421 et
2174 3393 2225 3425 sn

378 3418 520 3503 meane
538 3424 692 3475 forme,
712 3436 825 3477 page
848 3425 915 3476 80,
938 3431 1045 3468 note
1066 3430 1106 3470 8.
1323 3428 1430 3492 tete.
1462 3446 1484 3471 ιι
1525 3430 1654 3476 Belle
1695 3437 1742 3474 et
1774 3432 2015 3485 energique
2043 3444 2224 3486 expres—

494 3471 646 3518 Rurus
661 3488 852 3532 cyrena,
869 3487 891 3511 ‹
908 3478 1018 3521 dont
1030 3480 1096 3521 les
1109 3482 1270 3525 soi-ties
1324 3494 1438 3525 sion.

378 3519 549 3567 etaient
569 3539 703 3571 rates.
727 3541 748 3564 s
1378 3532 1425 3568 ⁴⁹
1453 3534 1563 3587 Alii,
1582 3537 1736 3581 enh-d.
1764 3535 1792 3579 ὲ
1807 3535 2016 3580 Antonia.
