2525 3984
379 190 459 251 66
1014 192 1590 260 NARRATIONES.

386 328 603 390 affatim
623 324 868 405 copiast,
895 343 961 384 ac
986 342 1160 382 novos
1187 329 1432 383 terrores
1448 323 1490 359 ¹⁸
1512 323 1789 382 cumulat.
1814 322 2030 382 Eadem
2050 324 2150 384 ille
2168 326 2247 399 ¹⁷,

386 415 443 470 et
467 403 706 479 diutius,
814 410 946 464 anto
968 409 1169 463 moesta
1181 402 1251 478 ¹⁸,
1274 400 1376 462 ubi
1396 402 1571 462 semel
1590 421 1921 482 prorupere,
1944 400 2244 463 difficilius

387 483 716 548 reticentur.
788 489 1046 563 roperata
1060 482 1103 519 ¹⁸
1130 479 1263 542 inde
1282 478 1588 556 accusatio,
1611 479 1908 561 missisque
1941 480 2011 541 ad
2042 482 2246 542 Caesa-

386 584 510 626 rem
556 560 759 624 litteris
776 606 796 638 ,
853 560 1112 623 ordinem
1167 559 1383 622 fraudis
1399 561 1470 638 ⁸⁰,
1513 580 1795 641 suumque
1836 559 2244 640 ipsiqdedecus

386 662 706 704 narravere.
752 643 879 702 Non
916 639 1054 703 alias
1086 639 1270 722 magis
1296 638 1463 702 anxia
1488 646 1544 701 et
1570 659 1779 721 pavens
1804 637 2023 714 civitas,
2065 660 2241 720 egens

384 721 684 784 adversum
697 720 1029 802 proximos¹¹
1044 737 1061 782 z
1075 739 1430 801 congressus,
1445 717 1746 800 colloquia,
1756 726 1905 780 notoe
1918 717 2241 800 ignotaeque

386 821 550 863 aures
568 800 732 861 vitari
751 816 772 878 3
795 799 968 862 etiam
987 807 1151 861 muta
1170 806 1339 880 atque
1358 796 1635 875 inanima,
1661 806 1873 859 tectum
1904 805 1963 858 et
1996 797 2239 878 parietes

386 879 1024 961 circumspectabantur.
1048 876 1158 940 Sed
1180 878 1369 939 Caesar
1387 875 1639 940 solennia
1663 875 1985 958 incipientis
2012 875 2174 952 anni,
2190 880 2236 912 ¹¹

386 959 642 1021 kalendis
669 958 944 1038 januariis
960 1006 981 1035 ‚
1025 977 1055 1019 ε
1096 956 1259 1018 istola
1292 964 1590 1038 precatus,
1625 955 1794 1019 vertit
1827 955 1889 1017 in
1922 956 2237 1031 Sabinum,

387 1045 682 1118 corruptos
733 1036 1007 1118 quosdam
1078 1036 1393 1097 ibertorum
1410 1082 1430 1112 ,
1473 1043 1530 1098 et
1570 1035 1816 1116 petitum
1855 1055 1913 1096 se
1954 1051 2233 1115 arguens3

384 1115 774 1197 ultionemque
793 1115 947 1176 haud
968 1114 1204 1177 obscure
1224 1116 1488 1197 poscebat
1511 1133 1528 1177 ε
1559 1135 1665 1176 nec
1693 1134 1854 1175 mora
1873 1112 2010 1195 quin
2033 1115 2238 1175 decer-

386 1204 617 1257 neretur
631 1196 677 1232 ¹³
695 1209 716 1271 3
739 1201 795 1256 et
815 1192 1144 1255 trahebatur
1163 1193 1488 1272 damnatus,
1505 1203 1807 1277 quantum,
1824 1194 2067 1255 obducta
2089 1202 2241 1255 veste

386 1282 443 1335 et
462 1272 743 1335 adstrictis
762 1272 1044 1349 faucibus,
1058 1271 1165 1333 niti
1186 1281 1431 1354 poterat,
1446 1272 1743 1335 clamitans
1765 1290 1781 1334 ε
1815 1295 1846 1331 ε(
1867 1270 1960 1333 Sic
1979 1272 2235 1333 inchoari

386 1372 627 1428 annum,
641 1352 744 1413 has
759 1352 963 1433 Sejano
977 1351 1238 1414 victimas
1252 1350 1510 1414 cadere.»
1532 1353 1658 1427 Quo
1672 1351 2000 1414 intendisset
2015 1353 2236 1428 oculOS,

387 1452 501 1513 quo
523 1431 695 1492 verba
713 1430 1031 1493 acciderent
1045 1431 1118 1507 ¹⁸,
1137 1432 1298 1512 fuga,
1319 1431 1549 1493 vastitas
1572 1450 1589 1494 τ
1615 1431 1797 1492 deseri
1819 1430 2044 1507 itinera,
2067 1433 2192 1492 fora
2216 1449 2233 1492 ε

389 1521 446 1572 et
478 1509 711 1593 quidam
743 1510 1229 1592 regrediebantur,
1266 1510 1731 1593 ostentabantque
1773 1531 1832 1571 se
1870 1531 2101 1571 rursum
2121 1555 2140 1586 ,
2177 1510 2238 1571 id

386 1589 578 1672 ipsum
617 1598 882 1672 paventes
922 1589 1074 1671 quod
1114 1589 1440 1651 timuissent
1453 1591 1523 1650 ²⁸.
1576 1612 1608 1649 α
1649 1591 1834 1662 Quem
1880 1589 2035 1649 enim
2083 1590 2240 1650 diem

386 1690 632 1732 vacuum
666 1690 859 1751 poena,
879 1669 980 1731 ubi
1007 1668 1158 1731 inter
1191 1689 1350 1732 sacra
1382 1677 1439 1731 et
1463 1676 1616 1744 vota,
1676 1690 1750 1729 uo
1778 1676 2031 1749 tempore
2053 1669 2239 1730 verbis

387 1747 561 1810 etiam
587 1748 836 1830 profanis
861 1748 1132 1810 abstineri
1167 1769 1293 1810 mos
1325 1755 1492 1824 esset,
1515 1747 1645 1809 vinc
1667 1768 1701 1809 a
1730 1756 1787 1808 et
1816 1749 2049 1828 laqueus
2072 1747 2087 1808 i
2095 1749 2240 1809 ndu-

389 1830 628 1891 cantur?
680 1829 807 1889 Non
860 1826 1285 1911 imprudentem
1339 1825 1636 1889 Tiberium
1691 1834 1909 1888 tantam
1962 1826 2235 1888 invidiam

389 1906 590 1968 adiisse
622 1924 639 1967 ε
677 1905 977 1987 quaesitum
1010 1906 1461 1988 meditatumque
1478 1951 1498 1983 ,
1526 1927 1598 1967 ne
1625 1905 1762 1987 quid
1798 1905 2072 1986 impedire
2107 1928 2239 1968 ere-

388 1984 579 2062 datur,
608 1985 914 2068 quominus
946 1986 1078 2048 novi
1111 2007 1172 2047 m
1247 1987 1475 2048 ‘stratus
1490 2030 1512 2063 ,
1547 2006 1659 2068 quo
1700 1985 1870 2046 modo
1910 1985 2148 2047 delubra
2180 1997 2238 2048 et

389 2064 612 2140 altaria,
633 2063 714 2124 sic
739 2085 1025 2126 carcerem
1039 2066 1087 2103 ¹⁶
1115 2008 1430 2127 reffidant.
1455 2088 1485 2126 »
1521 2066 1739 2126 Secutae
1759 2065 1991 2145 insuper
2011 2066 2234 2141 litterae,

391 2151 575 2222 grates
600 2141 856 2223 agentis:
881 2143 1033 2261 (1711οά
1065 2143 1363 2205 hominem
1396 2143 1685 2206 infensum
1712 2143 2037 2224 reipublicae
2072 2145 2237 2226 puni-

390 2219 634 2299 vissent3
660 2221 909 2312 adjecto⁸
937 2267 961 2300 ,
990 2244 1022 2283 <t
1048 2221 1330 2303 trepidam
1359 2222 1466 2284 sibi
1487 2223 1664 2285 vitam
1681 2267 1703 2298 ,
1732 2244 1826 2284 sus
1867 2232 2014 2284 ectas
2042 2222 2236 2284 inimi-

393 2319 592 2361 corum
627 2300 895 2380 insidias3
938 2324 969 2362 n
1015 2303 1174 2365 nullo
1214 2301 1559 2365 nominatim
1606 2245 1939 2383 compeliato
1987 2320 2003 2364 ε
2052 2323 2232 2384 neque

444 2523 490 2560 ¹⁸
518 2524 716 2573 Quorum
733 2525 901 2580 affatim
917 2525 1059 2583 copia,
1080 2539 1102 2564 ε
1121 2527 1197 2582 qui
1217 2527 1284 2570 lui
1367 2526 1539 2580 roches,
1556 2527 1613 2570 de
1643 2539 1717 2571 ses
1745 2529 1941 2582 intimes,
1965 2541 2022 2571 on
2042 2532 2113 2571 est
2127 2540 2227 2571 sans

390 2580 705 2624 tournissaient
752 2592 841 2624 une
886 2581 1141 2624 abundante
1189 2592 1287 2624 ma-
1367 2577 1521 2623 efense
1542 2592 1554 2624 :
1579 2592 1637 2623 on
1655 2581 1770 2624 n’est
1786 2594 1866 2635 pas
1884 2594 1941 2624 en
1960 2584 2095 2636 garde
2112 2593 2222 2624 con-

390 2631 520 2676 tiere.
545 2647 567 2672 ι»
1335 2637 1404 2676 tre
1422 2644 1535 2676 ceux
1549 2636 1625 2687 qui
1644 2646 1750 2676 vous
1767 2634 1978 2678 touchent
1995 2636 2052 2677 de
2070 2634 2184 2689 pres.

445 2683 489 2717 1⁸
516 2684 665 2728 Novas
691 2689 904 2740 terrores,
933 2699 957 2726 ‹
975 2687 1032 2730 de
1055 2686 1285 2730 nouvelles
1387 2684 1435 2719 ²¹
1459 2684 1673 2728 Solennia
1687 2687 1951 2741 incipientis,
1969 2693 2055 2730 ete.
2079 2685 2225 2740 «apres

349 2769 354 2774 .
390 2734 682 2781 eventualite's
698 2741 918 2785 terribles.
937 2753 960 2779 ›
1335 2739 1403 2782 les
1419 2750 1550 2783 voeux
1567 2741 1813 2783 ordinali-es
1827 2741 1886 2783 du
1904 2741 2065 2782 nouvel
2082 2753 2155 2783 an.
2176 2753 2198 2776 ²

442 2788 488 2824 1⁷
514 2788 614 2840 lue,
630 2790 833 2835 Sabinus.
1387 2791 1434 2825 28
1460 2790 1802 2843 Decerneretur‚
1827 2793 2085 2836 s.-entendu
2102 2791 2221 2834 ultio.

444 2838 490 2874 1⁸
521 2838 697 2887 Quanto
724 2846 923 2888 mata...
944 2850 1048 2898 etc„
1066 2856 1126 2887 m.
1156 2843 1186 2889 ὲι
1203 2856 1282 2888 m.:
1387 2842 1436 2878 ²¹·
1467 2843 1561 2891 Quo
1574 2843 1714 2887 verba
1732 2845 1995 2897 acciderent,
2013 2859 2035 2883 ‹
2050 2849 2222 2900 partout

395 2905 419 2929 ι
435 2891 633 2936 d’autant
662 2906 747 2948 que
783 2894 849 2939 les
876 2898 1146 2940 sentimenta
1174 2898 1286 2940 dou·
1335 2907 1395 2941 ou
1445 2908 1518 2941 ses
1569 2899 1745 2951 paroles
1791 2900 2029 2952 poi-taient,
2075 2908 2223 2952 parve-

390 2945 589 2997 loureux,
618 2957 707 2988 une
736 2949 820 2990 tois
880 2948 977 2991 u'ils
1006 2961 1055 2991 se
1084 2955 1186 2992 sont
1201 2952 1285 2992 fait
1332 2950 1504 2993 noient.
1523 2962 1546 2988 ›

387 2998 504 3094 ἰξυῖ,
542 3002 645 3040 cont
675 2999 774 3051 plus
833 3000 843 3010 '
895 3002 1103 3043 cilement
1135 3004 1283 3045 refou—
1386 3000 1435 3036 ²⁸⁵
1461 3001 1551 3046 1012·
1582 3015 1678 3045 sum
1688 3007 1897 3059 paventes
1916 3004 2038 3059 quod
2054 3004 2220 3049 timuis-

436 3061 473 3093 ι.
487 3049 762 3098 ›—Quamo.
783 3064 952 3094 comme
971 3052 1096 3096 adeo.
1332 3058 1443 3105 cent,
1473 3069 1496 3094 ι
1555 3058 1798 3109 ροιινωιοόε
1834 3059 1891 3101 de
1922 3057 2054 3102 l’idee
2082 3057 2219 3105 meme

445 3101 490 3138 ¹⁹
516 3101 589 3146 Pr
698 3114 777 3146 ata
812 3105 1027 3158 ‹redigee
1044 3117 1101 3148 en
1116 3104 1237 3150 hate.
1255 3120 1280 3145 »
1334 3108 1460 3162 qu’ils
1486 3112 1665 3151 avaient
1692 3123 1749 3152 eu
1781 3124 1904 3163 peur.
1935 3126 1959 3151 ι
1997 3110 2098 3165 (que
2129 3113 2221 3156 leur

443 3153 491 3190 ¹⁰
512 3155 589 3222 ‚Or
620 3158 733 3198 inem
742 3135 946 3215 ‚fi-audis,
969 3166 992 3197 e
1009 3159 1053 3202 le
1071 3158 1208 3203 detail
1224 3161 1283 3204 de
1333 3162 1502 3204 craiute
1522 3160 1599 3204 eut
1617 3161 1689 3205 ete
1706 3164 1996 3217 remarquee).

391 3207 525 3253 Hntn
585 3222 626 3252 e·
648 3223 671 3247 ³
1386 3212 1433 3245 ²⁶
1463 3212 1711 3269 Carcerem-
1735 3216 1771 3258 11
1803 3217 1931 3270 s'agit
1962 3220 2024 3261 du
2053 3217 2220 3260 Tullia-

442 3261 490 3296 ¹1
562 3275 671 3319 qens
681 3262 1125 3321 adversusprooetmos
1152 3278 1282 3311 «sans
1331 3277 1452 3321 num,
1471 3269 1627 3311 cachot
1646 3271 1892 3311 souterrain
1913 3273 1988 3326 qui
2021 3271 2220 3314 s’ouvrait

392 3313 574 3360 defense
593 3324 745 3397 contre
759 3319 838 3361 des
855 3319 1055 3372 proches.
1070 3334 1092 3359 ι»
1110 3296 1172 3363 de
1189 3324 1284 3363 mot
1333 3330 1446 3414 pour
1491 3320 1560 3363 les
1604 3322 1888 3365 malheureux
1934 3324 2063 3379 qu'on
2102 3325 2221 3366 allait

390 3373 1284 3486 m·j·u{m;0u,.enm¹ffisssse¹ff¹¹3ffitssg
1361 3373 1663 3481 {gaalz-‘actm
1692 3429 1831 3471 forme
1858 3429 2062 3472 d'ablatif
2072 3430 2219 3471 absolu

392 3485 514 3519 cona
572 3489 584 3527 ς
614 3490 672 3519 ne
780 3486 876 3522 t-on
901 3479 1150 3521 l’entendre
1167 3480 1281 3524 daca
1331 3476 1561 3541 frequente
1586 3481 1694 3522 chez
1721 3482 1889 3524 Tacite.
1925 3482 2109 3533 (Voirla
2126 3493 2222 3523 nar-

391 3538 453 3570 un
469 3540 574 3573 sens
591 3531 700 3574 abso
716 3543 761 3582 n,
777 3544 946 3575 comme
962 3543 1209 3584 synonyme
1223 3533 1280 3573 de
1332 3536 1477 3573 ration
1516 3544 1561 3574 n.
1599 3533 1666 3584 33,
1698 3542 1808 3576 note
1845 3535 1921 3584 11,
1956 3539 2001 3576 et
2036 3533 2221 3576 d’autreo

394 3578 616 3637 destituta,
664 3582 828 3639 inops?
873 3582 1074 3629 viva-vis
1118 3584 1175 3627 de
1210 3595 1283 3628 ses
1335 3583 1558 3638 exemples
1571 3585 1682 3628 dans
1699 3599 1751 3628 ce
1768 3588 1959 3634 volume,
1975 3585 2169 3642 passim.)
