2525 3984
1046 168 1600 229 NARRATIONES.
2129 174 2240 234 149

401 302 705 364 hominum
748 300 965 360 animos
990 298 1192 379 jussit,
1231 306 1288 359 et
1321 298 1494 359 fidem
1528 299 1693 374 dare,
1726 310 1772 359 si
1814 299 2035 362 traditoe
2060 300 2239 363 forent

405 385 716 463 Syracusa),
745 379 948 440 liberos
967 398 1061 439 eos
1086 397 1150 440 ac
1171 377 1288 439 suis
1310 378 1528 468 legibus
1553 378 1802 440 victuros
1822 398 1961 439 esse.

483 462 609 521 Non
629 466 748 520 erat
779 457 1041 539 colloquii
1070 457 1255 537 copia,
1285 478 1419 538 qula
1443 458 1759 519 multorum
1785 457 2239 538 animigsuspecti

407 539 665 601 omnium
706 557 900 599 curam
966 537 1269 618 oculosque
1311 545 1700 597 converterant
1740 558 1812 597 ne
1849 536 1987 617 quia
2028 539 2243 599 falleret

407 619 511 680 tale
532 617 914 679 admissum⁴¹.
937 617 1144 677 Servus
1165 636 1316 676 unus
1335 618 1618 691 exsulum,
1637 637 1740 705 pro
1755 617 2042 698 transfuga
2054 616 2243 678 intro—

409 698 610 758 missus
631 697 693 757 in
716 697 944 772 urbem,
979 693 1266 756 conventis
1294 693 1512 776 paucis,
1542 693 1773 755 initium
1796 696 2145 777 colloquendi
2176 696 2244 757 de
2287 747 2293 751 .

404 777 500 839 tali
524 797 585 837 re
605 776 757 837 fecit.
776 774 990 838 Deinde
1005 796 1066 834 m
1118 774 1380 835 iscatoria
1430 773 1624 834 uidam
1639 774 1766 835 navi
1774 774 2022 849 ,retibus
2039 776 2244 856 operti,

403 855 879 937 circumvectique
913 854 995 915 ita
1043 874 1078 915 a
1165 861 1347 915 castra
1414 857 1647 914 {Omana
1689 852 1949 915 collocuti
2030 874 2062 915 e
2117 874 2244 917 rum

404 933 741 1013 transfugis3
777 942 832 993 et
853 934 1006 994 idem
1032 931 1235 1013 saepius
1254 932 1453 995 eodem
1485 931 1580 994 alii
1609 940 1775 1014 atque
1797 932 1917 995 alii.
2001 941 2245 995 ostremo

406 1014 476 1075 ad
516 1012 796 1094 octoginta
834 1012 1026 1074 facti⁴²
1062 1030 1077 1073 ε
1122 1021 1179 1072 et
1219 1032 1400 1094 quum
1429 1011 1551 1093 jam
1595 1011 1905 1093 composita
1945 1011 2137 1074 omnia
2176 1014 2243 1074 ad

410 1091 784 1172 proditionem
798 1099 982 1153 essent
995 1090 1241 1167 ,indicio
1271 1091 1452 1152 delato
1473 1091 1544 1153 ad
1565 1091 1852 1173 Epicyden
1872 1112 1974 1174 per
1992 1093 2246 1153 Attalum

401 1171 745 1253 quemdam,
766 1170 1155 1252 indignantem
1185 1170 1293 1232 sibi
1320 1191 1445 1232 rem
1469 1170 1740 1232 creditam
1761 1192 1876 1232 non
1897 1191 2039 1247 esse,
2060 1172 2244 1232 necati

408 1259 602 1312 omnes
644 1271 777 1312 cum
816 1250 1071 1312 cruciatu
1110 1257 1266 1311 sunt.
1324 1250 1454 1311 Alia
1498 1249 1735 1312 subinde
1777 1272 1901 1341 spes
1947 1258 2242 1332 postquam

407 1332 527 1391 haec
562 1350 707 1391 vana
734 1338 1013 1406 evaserat,
1047 1329 1342 1411 excepit⁴³.
1373 1328 1686 1419 Damippus
1723 1330 1956 1410 qmdam
1981 1329 2247 1391 Lacedae-

409 1409 658 1485 moniuS,
686 1408 892 1470 missus
922 1408 994 1470 ab
1024 1409 1314 1490 Syracusis
1345 1408 1417 1469 ad
1452 1409 1784 1489 Phrlippum
1806 1429 2022 1489 regern,
2053 1417 2247 1489 captus

399 1489 479 1551 ab
502 1488 753 1550 romanis
770 1487 1011 1550 navibus
1038 1495 1178 1549 erat.
1205 1488 1393 1568 Hujus
1421 1486 1618 1566 utique
1638 1486 1955 1548 redimendi
1976 1487 2086 1546 et“
2102 1488 2249 1568 Epi-

407 1567 561 1648 cydae
583 1588 719 1629 cura
743 1566 944 1647 ingens
969 1584 987 1627 ε
1017 1585 1122 1626 nec
1156 1564 1359 1626 abnuit
1387 1566 1717 1643 Marcellus,
1738 1565 1861 1645 jam
1889 1573 2015 1641 tum
2039 1568 2250 1626 AEtolo-

405 1668 565 1722 rum,
617 1646 780 1707 cu‘us
864 1643 1010 1706 entis
1054 1642 1191 1703 socii
1240 1642 1650 1704 Lacedaemonii
1697 1651 1856 1703 erant
1875 1688 1895 1718 ,
1941 1641 2248 1705 amicitiam

410 1725 685 1786 affectanti
728 1744 796 1784 us
880 1721 1120 1784 omanis.
1146 1721 1232 1783 Ad
1259 1720 1607 1804 colloquium
1630 1721 1699 1782 de
1723 1721 2108 1801 redemptione
2128 1723 2250 1803 ejus

410 1803 623 1881 missis,
649 1802 868 1864 medius
889 1802 1135 1863 maxime
1150 1804 1197 1838 ⁴⁸
1218 1810 1386 1883 atque
1408 1800 1662 1882 utrisque
1687 1809 2037 1881 opportunus
2070 1802 2222 1863 locus
2226 1845 2247 1876 ,

405 1884 481 1945 ad
525 1891 754 1964 portum
792 1881 1236 1962 Trogilorum⁴⁶‚
1285 1888 1514 1962 propter
1562 1879 1769 1940 turrim
1824 1899 1998 1962 quam
2052 1889 2252 1941 vocant

406 1964 763 2043 Galeagram,
822 1969 906 2023 est
954 1960 1130 2021 visus·
1183 1963 1310 2034 Quo
1356 1979 1537 2042 quum
1582 1959 1782 2039 saepius
1829 1968 2248 2036 commearent,

407 2063 562 2102 unus
612 2062 680 2102 ex
735 2038 1006 2101 Romanis
1054 2058 1122 2099 ex
1151 2038 1476 2130 propinquo
1520 2058 1754 2099 murum
1801 2041 2210 2119 contemplatus
2228 2084 2249 2115 ,

407 2119 763 2181 numerando
781 2117 994 2209 lapides
1010 2163 1031 2194 ,
1048 2117 1487 2199 aestlmandoque
1505 2116 1623 2198 ipse
1637 2138 1828 2179 secum
1845 2117 1981 2200 quid
1996 2117 2054 2177 in
2069 2119 2252 2179 fronte

413 2198 762 2281 paterent⁸⁷3
807 2198 978 2259 simul
1018 2197 1377 2266 altitudinem
1422 2197 1619 2272 muri,
1671 2205 1951 2278 quantum
2038 2198 2251 2258 roxime

411 2279 735 2360 conjectura
752 2284 972 2369 poterat
986 2322 1007 2353 ,
1025 2297 1357 2358 permensus
1365 2276 1413 2315 ⁸⁸
1423 2321 1446 2352 ,
1469 2276 1947 2358 humilioremque
1965 2296 1998 2337 a
2018 2276 2252 2358 iquanto

413 2358 653 2437 pristina
682 2356 946 2438 opinione
971 2376 1073 2418 sua
1096 2365 1153 2417 et
1176 2364 1496 2419 ceterorum
1523 2356 1783 2416 omnium
1815 2364 1969 2415 ratus
1996 2376 2138 2430 esse,
2165 2355 2250 2416 vel

413 2435 793 2496 mediocribus
823 2433 984 2496 scalis
1010 2455 1077 2495 su
1116 2435 1412 2510 erabilem,
1436 2434 1507 2496 ad
1540 2437 1868 2495 Marcellum
1898 2454 2021 2493 rem
2050 2432 2248 2494 defert.

417 2513 584 2574 Haud
619 2513 933 2605 spernenda
959 2514 1078 2575 visa
1110 2513 1132 2552 ⁹
1161 2530 1179 2591 ;
1207 2514 1329 2591 sed,
1357 2534 1491 2576 cum
1526 2512 1667 2574 adiri
1702 2514 1891 2588 locus,
1919 2511 2016 2593 qui
2059 2511 2131 2571 ob
2158 2510 2255 2570 id-

411 2594 604 2673 ipsum
643 2591 912 2653 intentius
960 2593 1414 2668 custodiebatur,
1451 2613 1567 2653 non
1604 2598 1821 2672 posset,
1851 2588 2067 2650 occasio
2104 2609 2255 2670 quae-

414 2673 662 2733 rebatur.
693 2674 880 2746 Quam
923 2673 1129 2734 obtulit
1166 2674 1495 2751 transfuga,
1531 2668 1833 2743 nuntiam,
1857 2666 2010 2727 diem
2048 2668 2251 2729 festum

496 2861 513 2893 ²
539 2860 746 2918 δωρεαὶ
771 2859 1008 2904 vualterum
1036 2856 1190 2910 animi,
1216 2862 1304 2901 etc.
1365 2855 1424 2898 du
1441 2855 1606 2898 second
1625 2853 1821 2896 membre
1841 2854 1898 2896 de
1916 2853 2090 2907 phrase.

415 2914 477 2957 M.
499 2913 526 2957 ὁ,
541 2926 601 2957 m.
620 2926 644 2950 ι
662 2916 730 2957 les
744 2915 991 2956 intentioris
1009 2915 1235 2965 suspectas
1249 2911 1306 2952 de
1419 2907 1465 2941 ⁴⁵
1491 2905 1669 2949 Medius
1693 2905 1898 2959 maa-ime,
1926 2918 1949 2943 ‹
1966 2908 2010 2949 le
2033 2907 2132 2962 plus
2150 2919 2252 2951 cen-

415 2968 630 3019 plusieurs
658 2967 836 3010 avaient
866 2962 1024 3009 &voille
1054 2963 1307 3007 l’attention
1364 2962 1462 3004 tral.
1481 2973 1504 2998 ›

408 3025 462 3062 et
490 3020 536 3062 la
558 3020 774 3073 vigilance
801 3020 858 3061 de
883 3023 1000 3068 tans,
1032 3018 1089 3060 de
1109 3014 1306 3059 maniere
1417 3013 1464 3047 ⁴⁶
1490 3012 1679 3056 Portum
1697 3011 1999 3067 Trogilorum.
2019 3012 2254 3067 ‹Trogile›

419 3085 502 3127 que
526 3074 623 3115 rien
650 3074 706 3115 de
734 3072 797 3115 tel
823 3083 883 3115 ne
913 3069 994 3125 put
1023 3070 1123 3114 leur
1146 3068 1309 3131 &chap-
1363 3065 1547 3130 &tait-un
1566 3067 1681 3162 getii:
1703 3067 1940 3119 mouinage
1958 3064 2071 3109 situ&
2099 3065 2128 3110 a
2152 3066 2257 3108 l’ex-

414 3137 508 3169 ner.
529 3123 823 3173 ›—Falleret‚
840 3124 1161 3167 sous-entendu
1171 3133 1302 3177 aptos.
1364 3118 1537 3164 tremite
1597 3133 1626 3162 u
1652 3121 1791 3173 grand
1816 3125 1916 3183 port
1943 3120 1999 3161 de
2021 3118 2237 3172 Syracuse

470 3176 516 3209 ὀἳ
542 3176 620 3219 Ad
635 3178 856 3232 octoginta
864 3175 1002 3234 sacti,
1023 3190 1046 3215 ι
1065 3178 1164 3220 leur
1180 3187 1309 3219 nom-
1363 3172 1426 3217 Ge
1442 3174 1532 3216 lieu
1550 3174 1697 3215 faisait
1715 3177 1857 3225 partie
1876 3173 1933 3214 de
1955 3173 2000 3213 la
2015 3173 2136 3214 rade.

415 3241 496 3273 ore
514 3242 535 3272 s
546 3229 672 3274 eleva
689 3229 718 3275 a
758 3230 1063 3283 uatre-vingts.
1079 3245 1102 3270 »
1377 3276 1386 3286 ·
1417 3226 1462 3261 ¹07
1489 3224 1608 3272 Quid
1623 3226 1672 3266 in
1678 3223 1835 3282 fronte
1882 3226 2066 3271 aterent,
2083 3222 2255 3275 «queue

470 3280 518 3315 ¹⁶⁸
545 3282 655 3326 Alia
697 3242 881 3325 suqbinde
924 3294 1070 3337 spec...
1116 3280 1307 3335 excepit,
1363 3281 1476 3322 etait
1490 3279 1535 3320 la
1560 3279 1806 3320 dimension
1865 3288 1889 3318 e
1909 3277 2100 3319 chacune
2120 3287 2196 3316 sur
2212 3275 2256 3315 la

414 3349 442 3373 α
459 3347 548 3378 une
567 3343 688 3378 autre
706 3335 945 3389 esperance
958 3333 1145 3379 succede,
1155 3332 1311 3376 imme-
1362 3334 1458 3374 face
1477 3332 1537 3373 du
1553 3342 1663 3372 mur.
1685 3344 1708 3367 2
2222 3377 2231 3386 .

418 3389 664 3432 diatement
693 3387 722 3432 ὁ.
747 3389 792 3431 la
815 3386 1045 3441 premiisrc.
1066 3402 1088 3426 »
1114 3386 1238 3430 Exce
1275 3386 1311 3427 ii
1418 3383 1463 3417 ⁴8
1490 3383 1776 3433 permensus,
1803 3379 2123 3422 sous-entendu
2147 3376 2257 3418 altu·

412 3444 525 3493 peut
548 3453 597 3484 so
621 3446 851 3495 rapporter
869 3439 1119 3495 &galement
1137 3438 1166 3483 ὁ.
1242 3451 1312 3481 ar·
1368 3435 1580 3487 tudinem,
1598 3446 1620 3471 ‹
1635 3441 1772 3486 ayant
1787 3444 1957 3473 mesure
1976 3433 2020 3492 {a
2037 3432 2250 3491 hauteur»

417 3493 556 3536 cellas
575 3495 909 3537 sous-entendu.
1365 3501 1446 3543 par
1460 3500 1548 3531 une
1566 3485 1902 3539 multiplicatiori
1930 3482 2253 3542 arithmetzque.

473 3542 520 3578 θ’·
547 3544 611 3588 Et
630 3551 702 3589 est
725 3558 783 3589 en
809 3544 1071 3589 cot-relation
1101 3556 1207 3590 avec
1232 3555 1313 3585 nee
1422 3541 1468 3575 ὅθ
1499 3540 1622 3591 Visa,
1640 3535 1964 3580 sous-entendu
1982 3542 2066 3572 res.
