2525 3984
967 127 1517 189 NARRATIONES.
2050 134 2167 192 203

332 260 533 341 captis,
561 258 733 320 Gallis
760 256 994 338 Hispani
1103 278 1135 318 e
1168 265 1326 319 scuta
1350 258 1605 338 ejusdem
1624 260 1820 321 formae
1842 260 1955 322 fere
1972 271 2132 322 erant
2146 277 2168 341 3

334 339 583 420 dispares
600 358 666 399 ac
683 336 982 399 dissimiles
1002 358 1038 428 g
1059 335 1170 397 adii
1190 337 1399 399 :Gallis
1412 337 1708 419 praelongi,
1724 359 1789 400 ac
1809 339 1929 401 sine
1951 360 2176 402 muero-

335 418 504 479 nibus
515 434 536 497 3
562 418 809 497 Hispano
828 424 1088 498 punctim
1109 416 1291 498 magis
1304 437 1478 498 quam
1499 417 1690 479 eoesim
1704 419 1726 455 ⁸
1748 427 1968 480 assueto
1988 428 2176 500 petere

336 499 579 572 hostem,
597 496 868 558 brevitate
880 495 1098 557 habiles
1106 496 1154 573 ⁹,
1171 505 1227 556 et
1247 516 1379 558 cum
1400 497 1790 558 mucronibus.
1806 498 1952 559 Ante
1965 508 2176 561 ceteros

337 576 562 639 habitus
575 577 622 615 ¹⁰
641 575 898 656 gentium
916 576 1126 637 harum
1150 585 1276 636 tum
1297 575 1686 657 magnitudine
1706 596 2033 658 corporum,
2052 595 2174 639 tum

337 656 518 737 specie
548 655 817 720 terribilis
854 664 994 716 erat.
1029 653 1174 716 Galli
1204 674 1375 735 super
1403 654 1757 716 umbilicum
1779 665 1939 718 erant
1973 656 2112 717 nudi
2157 675 2173 719 t

341 734 573 816 Hispani
610 734 800 796 linteis
833 733 1116 815 praetextis
1145 754 1402 815 purpura
1435 733 1639 796 tunicis
1656 739 1724 811 ¹¹,
1760 735 1999 797 candore
2032 736 2179 797 miro

265 815 273 821 ’
339 813 684 895 fulgentibus
700 812 1143 890 ‚'eonstiterant.
1180 813 1468 876 Numerus
1503 812 1762 877 omnium
1795 814 2055 905 pediturn
2083 816 2181 896 qui

339 901 466 954 tum
508 899 785 954 steterunt
825 891 887 953 in
931 890 1051 954 acie
1090 891 1342 956 millium
1388 892 1499 955 fuit
1542 892 1911 975 quadraginta
1926 910 1947 971 3
1989 894 2184 955 decem

341 971 626 1054 equitum.
679 979 861 1034 Duces
901 971 1167 1033 cornibus
1218 981 1496 1054 praeerant
1539 990 1555 1035 ε
1602 970 1825 1035 sinistro
1865 970 2184 1049 Asdrubal,

342 1051 536 1112 dextro
573 1049 903 1113 Maharbal:
935 1050 1183 1113 mediam
1210 1052 1392 1114 aciem
1423 1051 1667 1114 Annibal
1699 1050 1817 1131 ipse
1853 1071 1985 1114 cum
2014 1054 2185 1114 fratre

344 1133 580 1211 Magone
614 1129 820 1192 tenuit.
851 1130 972 1206 Sol,
996 1151 1096 1192 seu
1131 1130 1200 1193 de
1234 1130 1512 1193 industria
1540 1131 1620 1192 ita
1646 1132 1863 1205 locatIS‚
1899 1152 1997 1193 seu
2037 1131 2187 1213 quod

343 1211 484 1270 sorte
503 1208 585 1271 ita
610 1217 859 1285 starent,
880 1218 1297 1300 peropportune
1328 1210 1556 1293 utrique
1577 1209 1724 1292 parti
1753 1211 2015 1293 obliquus
2034 1220 2186 1289 erat,

344 1288 612 1351 Romanis
658 1288 720 1349 in
765 1287 1063 1351 meridiem
1081 1333 1101 1365 ‚
1159 1289 1350 1352 Poenis
1394 1289 1457 1350 in
1503 1290 1943 1371 septentrionem
1989 1290 2185 1352 versis·

341 1370 578 1444 Ventus,
603 1388 774 1450 quem
795 1369 1146 1430 Vulturnum
1174 1368 1374 1432 incoloe
1400 1368 1645 1450 regionis
1662 1379 1898 1446 vocant,
1926 1369 2191 1432 adversus

341 1447 613 1509 Romanis
636 1456 887 1587 {goi-tm,
910 1448 1092 1510 multo
1130 1450 1360 1528 pulvere
1393 1448 1455 1508 in
1488 1448 1612 1529 ipsa
1637 1468 1737 1511 ora
1755 1448 2024 1511 volvendo
2051 1470 2190 1530 pro-

340 1548 366 1588 s
440 1535 600 1589 ctum
705 1527 868 1590 emit.

367 1548 685 1669 peClamore
705 1607 948 1684 sublato,
971 1625 1314 1690 procursum
1334 1605 1406 1667 ab
1427 1605 1674 1684 auxiliis,
1694 1614 1751 1669 et
1810 1627 1961 1688 ugna
1980 1608 2193 1670 levibus

343 1685 604 1767 primum
627 1685 802 1748 armis
829 1685 1135 1749 commissa
1158 1684 1406 1749 :deinde
1424 1684 1685 1768 equitum
1710 1705 1781 1767 ga
1805 1688 1989 1748 lorum
2009 1687 2195 1768 hispa-

343 1784 669 1847 norumque
706 1766 913 1828 loevum
947 1785 1127 1829 cornu
1165 1784 1303 1829 cum
1346 1763 1543 1827 dextro
1588 1784 1825 1829 romano
1873 1766 2197 1842 concurrit,

346 1843 588 1907 minime
615 1864 645 1905 e
686 1845 889 1907 uestris
920 1866 1081 1908 more
1117 1864 1323 1927 pugnoe
1351 1844 1430 1906 ¹²:
1456 1844 1740 1906 frontibus
1767 1844 1924 1918 enim
1953 1845 2198 1907 adversis

346 1943 660 1986 concurren
704 1944 803 1985 um
827 1931 985 2001 erat3
1015 1924 1151 2007 quia
1175 1925 1333 1985 nullo
1355 1922 1509 1985 cirea
1524 1922 1595 1986 ad
1616 1944 1714 1986 eva
1755 1923 1970 1986 andum
1999 1924 2196 1987 relicto

348 2001 554 2083 spatio,
574 2003 712 2063 hinc
732 2002 945 2079 amnis,
964 2002 1102 2065 hinc
1122 2001 1380 2083 peditum
1402 2001 1549 2065 acies
1576 2004 1700 2065 clau
1742 2003 1911 2065 ebant
1930 2002 1991 2064 in
2019 2004 2198 2065 direc-

348 2091 476 2142 tum
498 2080 789 2163 utrimque
810 2080 1053 2144 nitentes
1073 2085 1135 2143 ¹³.
1159 2079 1450 2143 Stantibus
1464 2082 1510 2119 ¹⁸
1532 2102 1597 2143 ac
1624 2082 1889 2145 confertis
1915 2092 2199 2165 postremo

351 2160 520 2222 turba
546 2159 733 2253 equiS,
753 2160 842 2221 vir
861 2160 1051 2223 virum
1076 2161 1369 2242 amplexus
1395 2160 1724 2223 detrahebat
1744 2183 1912 2244 equo.
1937 2163 2199 2224 Pedestre
2260 2230 2270 2242 ,

351 2258 558 2321 magna
579 2261 702 2331 Jam
729 2261 798 2302 ex
823 2249 982 2322 parte
1018 2249 1306 2304 certamen
1331 2241 1546 2303 factum
1581 2248 1704 2303 erat
1738 2259 1756 2304 z
1796 2240 1982 2302 acrius
2009 2250 2199 2304 tamen

349 2339 524 2401 quam
545 2318 759 2381 diutius
783 2330 1100 2402 pugnatum
1126 2328 1248 2397 est3
1274 2319 1533 2402 pulsique
1566 2320 1788 2383 romani
1809 2319 2025 2403 equites
2048 2330 2201 2403 terga

357 2406 605 2460 vertunt.

432 2477 553 2538 Sub
573 2477 847 2560 equestris
867 2479 1042 2541 finem
1062 2477 1388 2542 certaminis
1406 2487 1596 2541 coorta
1612 2478 1869 2561 peditum
1886 2486 1970 2542 est
1982 2500 2195 2619 puigna.

357 2554 551 2619 Primo
599 2565 656 2618 et
699 2556 916 2619 viribus
960 2566 1018 2621 et
1061 2557 1271 2621 animis
1326 2579 1488 2641 pares
1502 2560 1548 2596 ¹⁸
1594 2558 1926 2620 constabant
1975 2579 2041 2620 or
2084 2579 2201 2620 ines

355 2635 528 2698 Gallis
560 2636 974 2720 Hispanisque:
1005 2638 1235 2701 tandem
1269 2635 1541 2713 Romani,
1560 2635 1662 2699 diu
1693 2657 1760 2700 ac
1786 2657 1932 2719 soepe
1956 2638 2198 2714 connisi,

311 2771 320 2777 .
354 2735 517 2798 {equa
552 2717 737 2778 fronte
752 2718 797 2754 ¹⁸
831 2717 1063 2799 acieque
1088 2718 1323 2780 densa¹⁷
1356 2717 1638 2799 impulere
1667 2715 1921 2779 hostium
1952 2736 2200 2780 cuneum

409 2847 431 2883 8
458 2848 668 2894 Puncfim
711 2852 856 2908 maqiae
901 2842 1053 2909 quam'
1078 2852 1249 2902 min,

359 2915 381 2939 ι
399 2903 544 2967 plutet
569 2904 736 2948 d'estoo
763 2917 847 2959 que
874 2907 931 2949 de
957 2906 1124 2956 tuille.»
1139 2907 1252 2950 dela

358 2956 680 3052 masfla?
726 2959 1186 3055 ‘zaffaszhtxsfia
1222 3008 1253 3055 a

360 3062 532 3106 manier
546 3073 605 3106 en
621 3063 770 3106 raison
789 3064 845 3107 de
859 3041 956 3107 lenit
970 3075 1060 3136 peu
1077 3064 1135 3108 de
1154 3066 1252 3108 lon·

362 3126 1258 3280 &lisama-sagara

415 3325 458 3361 ¹¹
485 3286 721 3372 giguit&
757 3341 983 3387 purpura,
1024 3344 1048 3371 ι
1064 3328 1255 3375 box-dees

363 3380 420 3424 de
439 3380 614 3444 banqes
632 3382 688 3425 de
707 3394 909 3446 pourpre.
929 3398 953 3423 »

417 3431 461 3465 ¹²
487 3432 677 3476 Mmzme
694 3449 717 3476 e
751 3441 916 3479 uestris
933 3448 1050 3481 more
1072 3447 1252 3493 paona,

366 3496 384 3520 ⁴
405 3496 510 3528 sans
524 3486 571 3549 le
587 3491 706 3530 moin
764 3502 788 3531 e
803 3496 981 3555 rapport
995 3502 1101 3533 avec
1113 3502 1164 3534 ce
1183 3491 1259 3544 qut

365 3548 416 3580 ne
435 3543 635 3594 prataque
653 3543 765 3587 daus
780 3544 848 3587 les
862 3555 1046 3597 exsurges
1062 3544 1119 3588 de
1134 3555 1257 3587 cava·

1309 2853 1439 2897 lex-ie.
1455 2865 1481 2892 ι
1516 2850 1585 2896 La
1616 2850 1832 2895 eumerio
1861 2861 1922 2894 ne
1947 2853 2128 2904 poumt
2152 2864 2201 2896 se

1311 2905 1579 2959 developper
1592 2933 1606 2958 ,
1654 2905 1764 2948 fatre
1808 2903 1889 2946 des
1922 2903 2172 2949 evolutione
2187 2935 2201 2955 ,

1311 2958 1495 3013 ebat-ger
1513 2956 1542 3001 a
1558 2957 1717 3022 amite,
1738 2956 1766 3001 a
1783 2956 1965 3020 gauehe.

1341 3009 2054 3120 022¹an'22‘51‘2'tffp213‘2222‘3’23
2077 3010 2204 3117 {22¹}

1364 3118 1686 3217 ίὲιῗὲὧπῆὂαε,
1698 3166 1856 3213 eea-d.
1877 3167 2202 3222 resistentibus,

1311 3236 1334 3261 ε
1349 3222 1530 3309 (ξὲιδοτᾱ
1546 3221 1711 3265 artetes
1726 3226 1823 3264 tout
1835 3228 1976 3270 court„
1991 3234 2013 3259 ι
2118 3273 2128 3284 ·

1311 3340 1368 3372 en
1386 3275 1595 3371 foi-{getii
1606 3274 1956 3380 :neg-aguaria
1972 3272 2202 3324 Romams)

1365 3379 1414 3414 ¹⁶
1438 3380 1593 3439 AEqua
1612 3380 1792 3439 fronte,
1823 3394 1847 3418 ‹
1865 3391 1940 3423 sur
1968 3389 2058 3422 une
2081 3379 2205 3421 seule

1309 3435 1549 3584 ῗῖῧθϊσίο
1576 3483 1727 3540 densa,
1762 3500 1786 3526 ι
1805 3498 1864 3529 en
1881 3485 2094 3530 colunne!
2118 3499 2210 3528 ser-

1363 3551 1426 3583 es.
1448 3553 1471 3578 ›
