2525 3984
282 246 402 305 318
926 240 1480 302 NARRATm-NES.

281 394 497 438 nurum
526 374 662 454 Agri
707 373 841 456 pina
865 392 981 433 non
1007 369 1117 431 nisi
1153 370 1270 431 filio
1295 369 1560 429 infestam
1582 369 1728 429 ferre
1756 377 1964 447 posset,
1994 368 2133 430 red-

283 454 450 514 datur
490 452 509 513 i
553 473 614 513 sa
645 394 885 513 (filionis
911 449 1209 531 conjugio⁷
1257 465 1273 509 ε
1308 447 1521 508 ituram
1552 465 1779 527 quoquo
1815 458 2130 524 terrarum,

285 532 382 593 ubi
424 552 498 594 au
540 531 645 592 iret
670 531 856 612 potius
889 526 1262 591 contumelias
1287 526 1668 608 imperatoris,
1696 545 1871 605 quam
1889 525 2131 604 viseret,

292 610 550 694 periculis
575 611 696 691 ejus
722 609 1005 671 immixta.
1029 631 1060 668 1>
1094 610 1229 669 Haec
1265 615 1322 667 at
1362 626 1433 666 ue
1468 604 1624 680 talia,
1648 603 1910 684 lacrymis
1930 614 1988 666 et
2013 615 2133 668 arte

288 690 549 752 adulter—ae
577 688 950 770 penetrantia,
972 707 1139 749 nemo
1164 685 1327 768 prohi
1371 685 1499 748 ebat
1514 700 1535 762 3
1570 682 1929 763 cupientibus
1950 704 2130 746 cunc·-

287 767 359 829 tis
397 768 630 850 infringi
659 767 857 830 matris
888 765 1198 848 potentiam
1213 809 1234 842 ,
1277 772 1333 826 et
1358 763 1617 825 credente
1656 762 1813 824 nullo
1840 782 2019 844 usque
2061 764 2126 826 ad

289 848 499 911 coedem
528 849 650 929 ejus
677 847 951 908 duratura
975 845 1077 907 filii
1106 843 1256 907 odia.

368 928 548 1008 Igitur
576 930 724 990 Nero
754 926 932 987 vitare
966 932 1207 987 secretos
1242 921 1366 1004 ejus
1401 940 1731 1003 congressus
1760 937 1776 982 ε
1820 919 2130 981 absceden-

286 1017 406 1067 tem
431 1006 490 1065 in
518 1007 734 1080 hortOS,
763 1013 860 1065 aut
888 1005 1276 1065 Tusculanum
1289 1004 1338 1078 ⁸,
1360 1001 1447 1063 vel
1470 1000 1759 1061 Antiatem
1779 997 1840 1059 in
1865 1020 2067 1080 agrum
2084 1003 2131 1077 ⁹,

286 1084 538 1160 laudare,
549 1083 698 1165 quod
714 1083 894 1144 otium
912 1083 1269 1144 lacesseret¹⁰.
1282 1082 1572 1141 Postremo
1576 1124 1597 1155 ,
1607 1078 1841 1140 ubicum
1882 1099 1954 1139 ue
1962 1079 2131 1141 habe-

286 1171 445 1224 retur
460 1166 526 1239 ¹¹,
554 1159 896 1243 praegravem
911 1164 955 1197 ¹¹
975 1170 1128 1222 ratus
1133 1205 1154 1236 ,
1177 1159 1491 1221 interficere
1513 1158 1802 1220 constituit
1827 1176 1843 1219 :
1883 1166 2132 1220 iactenus

287 1242 611 1303 consultans
633 1285 655 1317 ,
686 1260 902 1301 veneno
918 1284 940 1317 ,
969 1260 1041 1300 an
1080 1241 1228 1300 ferro
1243 1285 1264 1316 ,
1291 1240 1378 1300 vel
1417 1259 1530 1320 qua
1551 1238 1662 1299 alia
1694 1237 1772 1297 vi.
1803 1237 2129 1319 Placuitque

286 1320 473 1400 primo
518 1340 801 1394 venenum
852 1337 870 1381 ε
910 1318 1004 1379 sed
1052 1318 1200 1380 inter
1237 1319 1430 1399 epulas
1468 1316 1738 1399 principis
1781 1315 1827 1377 si
1878 1318 2128 1393 daretur,

286 1397 481 1460 referri
505 1398 574 1461 ad
612 1419 806 1460 casum
833 1420 949 1459 non
1011 1405 1211 1474 oterat,
1236 1397 1330 1459 tali
1348 1398 1469 1478 jam
1495 1394 1808 1457 Britannici
1830 1395 2041 1474 exiti03
2076 1406 2129 1458 et

287 1477 574 1539 ministros
599 1479 876 1539 tentare¹⁸
894 1498 957 1539 ar
997 1498 1137 1539 uum
1171 1476 1470 1539 videbatur
1499 1475 1757 1537 mulieris
1770 1520 1789 1552 ,
1819 1497 1928 1537 usu
1952 1477 2129 1538 scele-

286 1577 419 1617 rum
466 1557 729 1619 adversus
769 1556 1001 1618 insidias
1044 1556 1273 1618 intentae
1313 1574 1330 1618 ε
1369 1565 1536 1638 atque
1577 1553 1595 1615 i
1640 1576 1699 1617 sa
1741 1556 2129 1637 praesumendo

286 1636 538 1698 remedia
552 1638 600 1675 ¹⁴
614 1635 900 1698 munierat
912 1647 1136 1718 eorpus·
1161 1638 1403 1697 Ferrum
1425 1646 1481 1696 et
1501 1654 1578 1696 cae
1620 1656 1678 1696 es
1698 1656 1946 1715 quonam
1963 1635 2129 1697 modo

289 1718 691 1793 occultaretur,
715 1736 882 1777 nemo
913 1715 1227 1797 reperiebat
1256 1732 1273 1777 ε
1301 1724 1356 1776 et
1370 1760 1391 1791 ,
1416 1734 1489 1775 ne
1562 1714 1650 1776 uis
1684 1714 1767 1775 illi
1805 1724 1960 1777 tanto
1986 1714 2128 1775 faci·-

288 1794 411 1855 nori
434 1795 680 1856 delectus
697 1796 853 1875 jussa
877 1804 1183 1876 sperneret,
1208 1736 1755 1856 metuebatfbhtulit
1776 1794 2071 1875 ingenium
2089 1796 2129 1831 ¹⁵

287 1873 557 1935 Anicetus
580 1874 838 1950 libertus,
861 1874 1020 1935 classi
1053 1874 1203 1955 apud
1243 1873 1523 1936 Misenum
1560 1875 1877 1955 praefectuS,
1908 1881 1963 1934 et
1979 1894 2131 1963 pue-

288 1951 432 2013 ritiae
460 1952 699 2014 Neronis
727 1952 993 2015 educator
1018 1975 1083 2016 ac
1119 1953 1335 2030 mutuis
1376 1953 1519 2014 odiis
1534 1957 1578 1990 ¹⁸
1618 1952 1944 2034 Agrippinae
1976 1952 2132 2012 mvi-

287 2050 402 2092 sus.
436 2034 585 2112 Ergo
614 2055 645 2093 ε(
684 2053 886 2094 navem
998 2053 1082 2095 sse
1115 2032 1380 2114 componi
1415 2032 1599 2108 docet,
1624 2033 1788 2113 cujus
1819 2053 1983 2113 parS,
2010 2032 2131 2112 ipso

287 2108 348 2169 in
369 2112 513 2172 mari
538 2132 638 2191 per
663 2121 843 2173 artem
871 2133 931 2173 so
955 2120 1088 2189 uta,
1116 2112 1428 2173 effunderet
1453 2113 1768 2193 ignaram¹⁷
1798 2129 1815 2172 ε
1842 2111 1984 2172 nihil
2013 2120 2129 2171 tam

289 2208 461 2269 capax
495 2191 859 2251 fortuitorum
876 2193 921 2229 ¹⁸
962 2213 1135 2282 quam
1183 2208 1375 2269 mare3
1414 2202 1502 2266 et,
1539 2191 1584 2251 si
1622 2190 1917 2270 naufragio
1946 2190 2128 2250 inter·-

292 2276 446 2347 cepta
474 2267 583 2343 sit,
611 2290 780 2350 quem
807 2270 944 2332 adeo
978 2270 1268 2352 iniquum,
1295 2279 1361 2331 ut
1386 2268 1577 2331 sceleri
1604 2269 1857 2348 adsignet
1881 2272 1949 2345 ⁴⁹,
1977 2270 2124 2349 quod

292 2346 437 2408 venti
453 2356 508 2408 et
530 2349 735 2410 fluctus
754 2348 1132 2430 deliquerint?
1154 2350 1498 2411 Additurum
1515 2346 1828 2438 principem
1850 2348 2125 2410 defunctae

292 2428 592 2506 templum,
615 2436 669 2489 et
694 2448 842 2504 ωδε,
865 2438 921 2489 et
947 2438 1132 2491 cetera
1150 2430 1493 2491 ostentandae
1520 2428 1798 2509 pietat120.
1814 2450 1844 2488 n

365 2506 583 2568 Placuit
601 2506 870 2584 sollertia,
893 2515 1146 2590 tempore
1165 2508 1338 2571 etiam
1362 2509 1559 2589 juta²¹,
1580 2507 1807 2588 quando
1828 2508 2129 2589 Quinqua-

338 2689 361 2725 ’1
393 2687 577 2732 othonis
636 2701 770 2746 conju
807 2690 855 2733 'o.
907 2687 1008 2735 Elle
1059 2696 1178 2743 avait
1288 2693 1335 2727 1³
1360 2688 1601 2736 Bstm‘stroe
1633 2693 1818 2740 tentare,
1856 2703 1879 2729 e
1902 2696 2052 2735 tenter
2081 2694 2129 2737 la

347 2741 424 2805 'tte
447 2741 594 2785 othon
624 2755 734 2797 pour
800 2743 923 2791 eron,
952 2745 1062 2787 dont
1087 2748 1176 2790 elle
1231 2746 1294 2790 foi
1319 2748 1376 2790 de
1398 2758 1471 2788 ses
1489 2746 1738 2787 serviteurs.
1759 2759 1781 2782 ›

313 2794 457 2836 tuitla
476 2794 717 2848 mant-esse,
745 2808 914 2840 comme
943 2798 1032 2841 elle
1062 2802 1179 2844 avait
1286 2798 1331 2833 1⁵
1359 2797 1591 2846 Remedia,
1620 2811 1643 2836 ι
1662 2799 1743 2840 des
1757 2799 1997 2842 antidotes.
2014 2814 2037 2839 ι

285 2845 424 2940 guin&
440 2847 579 2909 Rutu!
593 2845 834 2900 Crispinus,
853 2847 995 2901 pretet
1009 2851 1089 2893 des
1105 2863 1178 2894 co·
1291 2850 1336 2884 ¹⁸
1367 2850 1536 2894 Obtulit
1563 2853 1809 2907 inyem'um,
1848 2864 1870 2889 e
1899 2853 2017 2894 offrit
2046 2864 2125 2894 son

319 2906 437 2939 ortes
456 2900 775 2947 pretor-lennes,
794 2912 904 2949 pour
921 2901 1083 2945 Othon.
1231 2905 1465 2952 industrie,
1487 2919 1509 2943 »
1527 2905 1610 2947 mit
1626 2916 1708 2947 son
1730 2907 1874 2948 taleut
1890 2916 1945 2947 au
1960 2905 2125 2948 service

333 2944 355 2975 ⁸
382 2945 738 2992 Tusculanum...
763 2961 934 3004 aarum,
958 2966 981 2990 α
1009 2951 1054 2992 la
1079 2961 1193 2993 eam·
1235 2959 1291 2999 de
1308 2956 1473 2999 Neron.

277 3009 336 3061 P?
398 3011 421 3040 e
448 3000 502 3041 de
534 3002 763 3043 Tusculum
791 3018 829 3051 n,
851 3002 938 3057 auj.
960 3002 1190 3052 Frascati,
1292 3008 1336 3042 16
1363 3009 1536 3052 Malui:
1563 3008 1691 3064 odiis,
1716 3023 1739 3049 ‹
1756 3021 1843 3053 une
1864 3007 2000 3053 haine
2016 3008 2106 3053 re'ci

279 3052 341 3092 vil
362 3063 386 3092 e
422 3051 478 3093 du
508 3053 691 3106 Latium,
724 3067 779 3097 au
808 3056 921 3099 S.-E.
956 3056 1012 3098 de
1043 3060 1189 3099 Rome.
1229 3073 1310 3114 pro
1340 3074 1414 3105 ue.
1437 3078 1460 3103 ι

279 3104 458 3146 Cicer-on
482 3117 507 3167 y
534 3106 648 3148 avait
686 3120 771 3151 une
800 3109 965 3150 maison
992 3110 1045 3150 de
1070 3122 1193 3152 cam·
1285 3074 1337 3148 1¹?
1358 3113 1623 3168 Effunderet
1653 3114 1882 3170 ignaram,
1908 3129 1932 3155 ‹
1948 3115 2127 3169 pouvait

280 3169 422 3212 pugne
448 3170 503 3222 ⁰¹¹.
520 3159 555 3199 tl
574 3172 772 3214 composa
795 3162 857 3203 les
890 3161 1162 3205 Tusculana.
1230 3166 1278 3208 la
1303 3168 1559 3221 submerget
1578 3179 1683 3210 sans
1710 3169 1869 3222 qu’elle
1899 3168 1992 3212 s’en
2019 3170 2126 3210 dou-

345 3211 366 3245 ⁹
395 3214 629 3261 Antiatem,
654 3227 675 3250 ‹
699 3213 932 3276 d'Antium,
951 3227 974 3252 >
1003 3215 1108 3258 ville
1124 3215 1183 3257 du
1230 3221 1311 3267 tat,
1332 3218 1361 3262 a
1378 3221 1676 3273 l'improviste.
1699 3234 1720 3259 -t

296 3264 482 3318 Latium,
502 3278 575 3309 sur
590 3268 636 3309 la
651 3278 746 3310 mer
761 3266 1110 3322 Tyrrhenienne,
1127 3279 1184 3311 au
1284 3270 1328 3305 18
1364 3271 1473 3314 Tam
1504 3284 1655 3328 capax
1678 3272 1998 3330 fortuitorum,
2043 3288 2062 3311 ε
2086 3276 2121 3316 si

290 3315 414 3363 8.-0.
440 3321 495 3361 de
512 3318 671 3381 Rome.
1226 3327 1497 3379 susceptible
1560 3326 1837 3371 d'avenmrea
1859 3358 1873 3377 ‚
1932 3330 1986 3370 de
2044 3328 2122 3368 ha·

348 3369 392 3402 1⁰
424 3370 554 3418 Quod
573 3382 709 3414 onum
735 3371 986 3420 lacesseret,
1015 3385 1038 3409 s
1057 3373 1112 3415 de
1131 3384 1182 3417 ce
1226 3379 1393 3420 sarda.»

294 3422 449 3486 qu'elle
462 3425 629 3487 cour-ait
642 3424 771 3476 apres
783 3424 827 3485 le
842 3434 986 3475 topos.
1007 3437 1029 3460 »
1056 3425 1141 3477 11)Γ
1155 3436 1183 3468 a
1285 3429 1330 3464 10
1362 3430 1421 3473 Ut
1432 3430 1589 3474 sceleri
1605 3430 1825 3494 adsipnet,
1851 3444 1874 3470 e
1893 3429 1948 3474 de
1966 3437 2124 3473 mettre

295 3485 380 3516 une
401 3482 622 3517 intention
646 3476 911 3526 sardomque
937 3477 1047 3519 daus
1065 3481 1180 3521 cette
1229 3495 1304 3525 sur
1320 3484 1364 3525 le
1383 3492 1558 3538 compte
1578 3486 1636 3526 du
1654 3497 1801 3526 crune-
1821 3499 1841 3523 ⁸

293 3535 348 3565 ex
378 3529 544 3568 ression
561 3528 706 3569 foreee
725 3525 967 3568 lacesseret.
1278 3534 1324 3569 20
1354 3534 1634 3578 ostentanda,
1663 3536 1821 3591 pietati
1882 3546 2043 3579 comme
2073 3534 2120 3577 in

375 3576 387 3607 ¹
424 3577 698 3628 Habentur,
717 3589 885 3619 comme
911 3590 955 3618 ee
978 3577 1178 3622 haberet.
1225 3589 1563 3630 ostentationem
1579 3590 1773 3644 pietatis,

292 3625 390 3718 ηε
407 3627 715 3725 ssrfflffvssm‘
747 3632 1072 3675 sous-entendu-
1086 3644 1180 3674 eam
1276 3638 1320 3671 αι
1353 3638 1482 3695 yma,
1507 3643 1722 3696 participe
1741 3638 1869 3695 9333
1891 3640 1948 3683 de
1982 3638 2116 3684 sm„⁸
