2525 3984
343 169 460 234 290
987 165 1543 227 NARRATIONES.

340 299 433 361 die
465 299 674 385 justius
710 308 1131 359 exsecutumm.
1164 299 1274 360 Sed
1310 300 1514 361 clausae
1543 305 1704 359 erant
1736 318 1900 360 aures
1917 300 2203 376 ,fobstre-

341 389 505 461 pente
543 378 629 439 ira
660 395 675 440 τ
707 378 935 465 itaque,
963 377 1247 460 impotens
1283 377 1501 455 animi,
1537 378 1877 459 percurrit-³²
1920 380 1980 440 in
2026 381 2196 461 regiae
2240 437 2255 445 ,

346 458 726 536 vestibulum,
765 466 821 520 et
860 457 1014 539 vigili
1054 457 1353 520 excubanti
1395 461 1556 521 hasta
1594 458 1809 535 ablata,
1841 459 2092 520 constitit
2133 460 2193 521 in

342 539 539 616 aditu,
580 559 695 619 quo
734 558 959 599 necesse
985 547 1106 600 erat
1143 538 1214 600 iis
1240 538 1339 621 qui
1366 538 1542 600 simul
1578 546 1937 601 coenaverant
1977 541 2191 620 egredi.

342 617 615 680 Abierant
643 618 855 696 ceteri3
885 617 1066 679 Clitus
1096 619 1336 680 ultimus
1365 619 1486 680 sine
1512 617 1733 679 lumine
1764 618 1953 679 exibat
1977 637 1994 681 ς
2021 640 2194 701 quem

342 719 472 776 rex,
513 698 777 780 quisnam
838 707 1015 777 esset,
1068 699 1412 779 interrogat;
1475 697 1761 759 eminebat
1774 698 1850 774 ⁸³,
1903 697 2077 759 etiam
2131 699 2193 760 in

343 798 505 856 voce,
533 778 757 840 sceleris
778 778 930 861 quod
956 778 1188 860 parabat
1210 779 1515 840 atrocitas:
1550 786 1606 839 et
1633 777 1753 853 ille,
1779 779 1901 858 jam
1933 799 2045 839 non
2077 799 2194 840 suae

345 858 443 920 sed
472 858 621 939 regis
655 858 753 920 irae
785 879 1008 920 memor
1020 859 1093 936 ⁸⁴,
1126 859 1343 919 Clitum
1382 879 1525 935 esse,
1557 866 1613 918 et
1640 856 1710 917 de
1752 856 2007 918 convivio
2043 857 2196 919 exire

346 939 657 1018 respondit.
682 941 816 1001 Haec
840 937 1080 1003 dicentis
1108 940 1254 999 latus
1277 940 1439 1000 hasta
1461 937 1736 998 transfixit
1748 982 1768 1013 ,
1792 936 2197 1017 morientisque

346 1018 622 1098 sanguine
664 1017 961 1097 adspersus
1000 1036 1017 1079 τ
1067 1041 1098 1078 ((
1127 1021 1153 1079 1
1184 1038 1360 1094 nunc,
1389 1017 1608 1099 inquit,
1636 1015 1704 1077 ad
1748 1016 2107 1098 Philippum,
2138 1024 2199 1079 et

349 1097 812 1173 Parmenionem,
841 1106 898 1158 et
922 1099 1200 1158 Attalum.
1230 1120 1261 1156 ›>

430 1178 574 1238 Male
595 1175 862 1239 humanis
876 1176 1117 1258 ingeniis
1148 1184 1354 1238 natura
1379 1174 1735 1251 consuluitw,
1761 1174 1912 1257 quod
1937 1176 2198 1255 plerum-

350 1278 461 1338 que
492 1276 605 1317 non
630 1257 857 1332 futura,
882 1257 978 1317 sed
1004 1264 1284 1317 transacta
1296 1257 1342 1293 ⁸⁸
1367 1254 1794 1346 perpendimus.
1819 1253 1931 1328 Qui
1972 1275 2040 1335 pe
2074 1276 2199 1330 rex,

349 1346 651 1418 postquam
685 1335 772 1397 ira
811 1344 1002 1397 mente
1028 1335 1371 1411 decesserat,
1405 1344 1582 1396 etiam
1619 1333 1888 1395 ebrietate
1964 1333 2197 1409 iscussa,

353 1415 805 1496 magnitudinem
827 1415 1092 1477 facinoris
1110 1435 1234 1477 sera
1253 1414 1625 1477 aestimatione
1644 1413 1943 1494 perspexit.
1962 1413 2200 1474 Videbat

354 1504 489 1555 tunc
533 1495 842 1557 immodica
877 1495 1129 1557 libertate
1166 1495 1450 1570 abusum,
1490 1494 1586 1554 sed
1618 1493 1868 1574 alioquin
1907 1492 2196 1572 egregium

352 1573 498 1635 bello
537 1574 751 1650 virum,
790 1582 871 1651 et,
903 1575 1014 1636 nisi
1052 1574 1406 1638 erubesceret
1438 1573 1601 1635 fateri
1616 1574 1689 1649 ⁸⁷,
1715 1580 2057 1634 servatorem
2084 1571 2200 1646 sui,

353 1653 629 1714 occisum.
680 1654 1017 1715 Detestabile
1064 1654 1345 1716 carnificis
1392 1652 1777 1715 ministerium
1831 1660 2203 1731 occupaverat

355 1754 452 1794 rex
464 1735 537 1810 ⁸⁸,
575 1733 879 1794 ‘verborum
922 1734 1243 1810 licentiam,
1289 1755 1415 1816 quae
1453 1732 1584 1793 vino
1621 1740 1839 1813 poterat
1883 1728 2155 1810 imputari
2178 1775 2205 1805 ,

355 1813 597 1873 nefanda
627 1813 778 1873 caede
811 1815 986 1875 ultus·
1027 1814 1289 1876 Manabat
1321 1821 1435 1875 toto
1461 1812 1738 1872 vestibulo
1769 1828 1938 1872 cruor
1951 1811 1997 1846 ⁸⁹
2033 1811 2201 1889 paulo

355 1901 485 1953 ante
506 1892 752 1955 eonvivae
770 1907 790 1969 3
811 1892 1032 1972 vigiles,
1053 1892 1274 1954 attoniti
1297 1891 1729 1971 et'stupentibus
1748 1891 1982 1964 simileS,
2044 1891 2203 1949 rocul

356 1973 616 2049 stabant3
649 1971 1083 2054 liberioremque
1107 1970 1504 2054 poenitentiam
1533 1970 1777 2031 solitudo
1800 1911 2112 2059 excipiebat
2125 1971 2200 2057 ‘'0.

358 2053 508 2131 Ergo
554 2053 777 2112 hastam
798 2097 819 2127 ,
863 2073 928 2113 ex
976 2072 1210 2133 corpore
1249 2050 1487 2132 jacentis
1529 2051 1781 2111 evulsam
1800 2094 1822 2125 ,
1866 2055 2088 2109 retorslt
2140 2066 2201 2106 ln

358 2139 573 2209 semet3
604 2133 837 2212 jamque
857 2132 1183 2194 admoverat
1208 2130 1456 2212 pectori,
1489 2150 1669 2210 quum
1697 2130 1956 2191 advolant
1983 2125 2203 2216 vigiles,

353 2217 414 2270 et
465 2210 804 2290 repugnanti
852 2230 885 2270 e
943 2211 1209 2271 manibus
1256 2216 1627 2291 extorquent,
1673 2210 2084 2286 allevatumque
2138 2225 2202 2265 m

359 2360 564 2400 -Laissez
585 2366 692 2400 entre
714 2362 750 2399 ln
774 2361 1006 2402 colere—‘Bt
1022 2362 1163 2413 Perage
1190 2363 1256 2417 qui
1305 2362 1338 2404 il
1362 2361 1554 2405 l'avouer
1571 2360 1696 2414 qu'en
1713 2358 1976 2410 rougissant,
1994 2371 2016 2395 »
2030 2355 2204 2410 mli-lgr&

359 2416 396 2454 la
410 2414 787 2454 mit—L’intarvaue
809 2413 923 2455 d'une
941 2416 1036 2455 nuit.
1307 2417 1354 2458 la
1369 2416 1506 2456 honte
1526 2415 1629 2468 qu'il
1646 2411 1871 2465 e'prouvait
1892 2409 1919 2452 ‘a
1936 2409 2146 2452 l'avouer.

414 2467 461 2501 δ’
490 2465 736 2518 Percurrit,
764 2480 875 2520 pour
905 2467 1058 2512 currit
1090 2480 1253 2510 amem.
1363 2466 1409 2501 88
1438 2467 1554 2516 Rex,
1572 2479 1594 2502 ι
1615 2473 1709 2508 tout
1726 2466 1790 2506 roi
1809 2463 1910 2516 qu‘il
1929 2462 2055 2514 etan,
2075 2477 2098 2501 ι
2118 2462 2198 2513 lui,
2228 2452 2231 2459 ⁴

360 2522 427 2564 La
443 2520 715 2574 preposition
731 2532 828 2574 per,
854 2523 998 2576 jointe
1017 2534 1073 2564 au
1100 2523 1253 2573 verbe,
1305 2521 1350 2563 le
1368 2522 1451 2562 roi.
1478 2520 1540 2563 Ge
1560 2531 1662 2570 νοω,
1682 2518 1798 2560 ainsi
1815 2514 1955 2571 place,
1983 2522 2053 2558 est
2069 2514 2199 2557 d'une

361 2577 510 2628 ajoute
530 2587 585 2617 au
602 2587 707 2616 sens
724 2576 781 2618 de
800 2575 948 2618 currit
960 2573 1089 2617 l'idee
1110 2574 1257 2626 d'ega-
1308 2575 1476 2628 grande
1495 2571 1668 2614 beaute.

361 2634 556 2679 rement;
599 2630 709 2670 mais
741 2626 967 2682 peut-etro
1001 2627 1254 2672 faudrait-il
1361 2625 1406 2658 ³⁹
1434 2624 1674 2671 Manabat,
1707 2629 1793 2666 etc.
1828 2621 1947 2667 C’est
1974 2621 2086 2663 dans
2119 2621 2202 2662 den

361 2683 506 2723 mieux
523 2681 605 2722 lire
618 2682 872 2735 praecurrit.
1304 2679 1541 2722 situations
1556 2679 1611 2719 de
1630 2689 1680 2719 ce
1699 2688 1835 2728 genre
1851 2687 1935 2728 que
1953 2676 1996 2718 le
2015 2670 2206 2727 ρτοοέᾱό

416 2733 461 2766 8³
491 2731 739 2783 Eminebat,
766 2748 788 2771 ι
806 2734 993 2790 percait,
1019 2744 1069 2777 se
1094 2731 1258 2776 trahis-
1307 2733 1364 2774 de
1395 2731 1736 2782 i'amplifioatiou
1773 2734 1842 2770 est
1876 2728 2201 2770 merveilleuse·

363 2787 463 2828 sait.
485 2798 507 2824 »
1307 2791 1431 2827 ment
1449 2784 1476 2825 a
1495 2796 1545 2826 sa
1568 2785 1705 2836 place.
1726 2781 1849 2824 Dans
1869 2788 1940 2823 cet
1958 2779 2199 2822 adniti-able

416 2837 463 2871 δῦ
489 2836 524 2878 J
526 2839 596 2879 ani
625 2850 713 2880 non
745 2850 846 2890 enai,
882 2842 967 2882 etc,
1006 2837 1162 2890 Clitus,
1197 2849 1255 2880 en
1306 2838 1486 2880 tableau
1507 2836 1676 2888 chaque
1703 2835 1837 2876 detail
1868 2841 1937 2875 est
1968 2835 2195 2886 trappant;

364 2892 514 2932 disant
531 2891 633 2943 qu'il
651 2893 806 2933 sot-tait
829 2892 884 2933 de
903 2892 945 2932 la
963 2892 1072 2933 salle
1090 2892 1148 2933 du
1168 2892 1253 2933 tes·
1307 2891 1475 2944 chaque
1494 2902 1606 2942 coup
1633 2889 1688 2929 de
1716 2889 1903 2940 pinceau
1928 2891 1997 2928 est
2017 2897 2076 2927 un
2096 2885 2200 2926 trait

365 2944 445 2992 tin,
478 2942 751 2995 temoignait,
779 2954 835 2983 en
866 2944 986 2994 effet,
1016 2943 1119 2997 qu'il
1146 2944 1259 2985 e'tm't
1308 2943 1363 2985 de
1384 2949 1563 2985 nature:
1590 2944 1686 2983 tout
1703 2947 1772 2982 est
1791 2942 1897 2991 vrai,
1914 2947 2010 2981 tout
2023 2944 2092 2981 est
2108 2941 2203 2979 ter-

362 3005 528 3037 revenu
559 2995 585 3035 a
619 2997 693 3035 lui.
724 2993 793 3036 On
817 3007 866 3037 se
897 2995 1100 3037 souvieut
1129 2996 1258 3050 qu'A-
1304 2997 1434 3047 rible,
1456 3001 1551 3037 tout
1573 3001 1642 3035 est
1664 2995 1880 3046 uagique·

362 3046 576 3088 lexandre
595 3046 655 3087 lui
675 3049 792 3087 avait
808 3047 1006 3090 ordonna?
1022 3049 1078 3091 de
1093 3051 1259 3103 quitter
1359 3047 1407 3081 ⁴⁰
1451 3046 1809 3100 Liberioremque
1971 3045 2169 3084 itentzam

363 3101 410 3141 la
424 3099 544 3140 table
586 3098 783 3139 convivio
800 3100 1063 3153 excederet).
1124 3117 1128 3120 >
1307 3106 1412 3148 etc„
1430 3113 1486 3142 m.
1513 3113 1541 3142 a
1561 3112 1618 3142 m.
1645 3114 1664 3135 ‹
1686 3106 1733 3141 et
1751 3100 1793 3140 la
1818 3111 1866 3140 so
1887 3098 2007 3140 itude
2030 3097 2199 3137 admet-

420 3150 466 3185 ⁸⁸
494 3149 576 3193 Ma
594 3165 616 3191 e
644 3149 862 3197 humanis,
890 3158 992 3201 etc..
1025 3165 1083 3196 m.
1114 3153 1143 3198 a
1160 3167 1217 3196 m.
1240 3165 1254 3197 ε
1305 3156 1402 3201 tait,
1414 3153 1635 3195 ravon-isan
1648 3164 1707 3193 un
1724 3153 1821 3203 plus
1837 3153 1948 3193 libre
1963 3149 2199 3210 repentia»

364 3207 410 3248 la
426 3210 582 3247 nature
600 3216 626 3246 a
644 3204 729 3246 mal
758 3215 920 3257 pourvu
938 3203 966 3246 ὸ,
983 3206 1027 3248 la
1045 3208 1254 3249 faiblesse
1304 3206 1370 3249 Au
1387 3207 1475 3247 lieu
1489 3205 1625 3247 δεεστ·
1665 3202 1794 3252 ebat,
1807 3205 1996 3245 d'autres
2009 3202 2202 3242 editions

366 3260 423 3302 de
441 3270 524 3301 nos
541 3258 725 3310 capi-itm
761 3271 781 3294 ι
802 3257 908 3299 c'est
925 3270 1012 3300 une
1030 3260 1108 3301 des
1127 3272 1256 3312 gran-
1307 3266 1482 3312 ponent
1499 3262 1617 3298 excit»
1649 3259 1714 3303 at,
1745 3269 1830 3309 que
1850 3269 1960 3297 nous
1980 3265 2114 3296 avons
2134 3264 2202 3294 re·

367 3313 448 3355 des
465 3311 649 3354 miseren
671 3311 726 3351 de
744 3311 788 3352 la
811 3318 966 3353 nature
986 3312 1208 3354 humaine.
1231 3328 1252 3353 ›
1302 3311 1396 3365 jete
1420 3323 1526 3353 avec
1555 3309 1860 3361 snakenburg.
1890 3325 1910 3345 ι
1930 3307 1995 3349 La
2013 3306 2204 3347 solitude

421 3363 468 3398 8⁰
501 3362 765 3406 Transacta.
784 3362 1064 3407 Taciteadit
1084 3365 1271 3412 dansle,
1309 3366 1382 3418 qui
1413 3375 1572 3417 pousse
1606 3376 1661 3405 au
1693 3363 1888 3413 repentir
1910 3366 1928 3391 ³
1976 3362 2110 3400 forme
2143 3369 2199 3398 un

367 3415 511 3460 meme
548 3428 652 3458 aeus
685 3427 697 3456 :
748 3416 792 3457 Δ,
827 3415 1010 3465 cesare,
1056 3417 1254 3471 perfecto
1310 3429 1414 3459 sens
1446 3420 1588 3459 moins
1625 3415 1795 3458 nature!
1834 3418 1878 3453 et
1911 3423 2057 3455 mouns
2089 3411 2204 3451 beau

370 3469 539 3511 demum
569 3470 751 3516 scelere,
781 3468 1041 3523 magnitudo
1068 3467 1165 3522 ejus
1188 3469 1258 3511 in-
1310 3481 1395 3531 que
1417 3482 1437 3504 c
1458 3470 1500 3510 la
1519 3469 1709 3510 solitudo
1730 3467 1803 3519 qui
1823 3464 1947 3516 prete
1961 3476 2025 3524 ‘uu
2049 3473 2208 3515 repen-

370 3520 541 3565 iellecta
561 3527 640 3562 est.
1310 3526 1380 3566 tir,
1405 3532 1424 3555 ²·
1452 3522 1524 3572 qui
1554 3521 1686 3563 tuisse
1714 3530 1772 3561 au
1797 3521 1996 3569 repent-u·
2019 3526 2078 3558 un
2104 3515 2206 3571 plus

425 3571 472 3608 ⁸⁸1
483 3572 587 3617 Nisi
597 3571 863 3616 erubesceret
873 3571 1039 3630 fateri,
1051 3584 1144 3616 <ne
1156 3571 1256 3617 dut-
1315 3575 1422 3621 libre
1438 3575 1617 3628 champ.
